3062 4962
275 294 319 354 w

275 457 384 520 ταῦτα
419 452 695 537 ἐμβεβατευμένοι
729 454 855 539 κυρίως
891 445 979 519 κατὰ
1014 449 1115 540 τήνδε
1150 449 1213 540 τὴν
1245 449 1399 539 ἕμβιιιιινιι

209 561 1400 642 pmwmfflmfflmwwmffl

276 667 364 742 hona,
386 665 424 726 de
447 665 555 742 quihus
576 667 633 724 iam
650 666 686 724 lis
702 669 754 739 est,
777 667 841 727 Iovi
858 665 1076 726 traderentur.⁴
1103 665 1161 726 Sed
1177 665 1248 742 quid
1264 665 1399 726 facturae

280 769 339 828 sint
359 771 472 846 partes,
494 769 518 828 si
542 771 647 828 contra
669 767 828 827 Iatroclem
852 767 1013 828 diiudicata
1035 767 1126 827 fucrit
1147 785 1247 845 causa,
1269 786 1307 828 ex
1322 767 1398 828 tituli

276 871 414 931 versibus
435 870 569 946 intellegi
591 871 704 947 nequit

361 972 481 1033 Titulus
511 973 554 1031 Le
586 973 656 1043 Bas,
675 973 733 1031 No.
748 976 819 1040 414,
856 990 1035 1049 quamquam
1068 972 1171 1032 mutila
1199 975 1271 1032 suut
1298 971 1400 1048 rerba,

277 1075 381 1136 eadem
397 1075 554 1151 continuit;
567 1077 674 1136 vs.10:
687 1059 765 1146 „teia
781 1068 817 1133 δὲ
829 1068 945 1153 κριθῆι
959 1064 1002 1132 τὰ
1014 1064 1398 1155 διαμφισβητ[ούμενα]“;

277 1179 484 1255 nequeenim,
507 1178 580 1254 quin
602 1197 621 1236 a
644 1176 879 1254 Waddiugtonio
902 1196 939 1238 ex
962 1178 1101 1255 analogia
1123 1179 1200 1238 tituli
1223 1182 1286 1240 415
1316 1181 1399 1238 recte

277 1280 425 1341 emendati
447 1286 537 1358 atque
560 1279 689 1340 restituti
711 1273 908 1356 statuemus,
930 1281 1089 1358 quisquam
1113 1280 1267 1340 dubitabit

839 1488 869 1545 4.

513 1483 1103 1683 'qmmmssmmwma

362 1725 493 1785 Primum
517 1725 652 1801 quidem,
685 1741 752 1784 cum
780 1724 875 1784 titulis
905 1724 942 1784 de
965 1724 1022 1784 hac
1044 1724 1169 1784 materia
1190 1742 1289 1802 pauca
1312 1723 1399 1783 modo

275 1828 375 1900 insint,
398 1831 569 1905 praecepta,
591 1843 670 1902 quae
691 1825 772 1902 apud
796 1827 958 1902 scriptores
980 1826 1149 1903 perscripta
1169 1831 1247 1898 sunt,
1269 1825 1352 1886 brevi
1368 1826 1398 1885 iu

277 1934 441 2007 conspectu
464 1946 582 2006 ponam.
626 1929 750 1988 Formas
773 1932 864 2006 atque
887 1929 1102 2003 caeremonias,
1125 1928 1162 1987 de
1178 1928 1287 2005 quihus
1302 1927 1400 1988 Theo·

276 2033 418 2111 phrastus
428 2028 451 2104 ¹)
473 2031 568 2091 verba
590 2029 670 2102 facit,
693 2049 753 2091 non
776 2030 814 2090 ad
837 2029 1053 2109 perfectionem
1076 2033 1248 2092 contractus
1262 2033 1400 2109 spectare

278 2136 331 2196 sed
364 2134 402 2194 ad
434 2134 591 2194 transitum
625 2134 824 2210 possessionis
855 2135 886 2193 in
916 2135 1060 2210 emptoris
1094 2152 1198 2194 manus
1232 2126 1308 2212 (pig
1337 2118 1402 2212 τὴν

277 2229 424 2318 κτῆσινι)
460 2235 611 2314 pertinere
651 2235 805 2298 (taillemer
838 2237 858 2296 l.
873 2254 897 2295 c.
928 2234 1037 2313 (capl
1060 2241 1090 2296 ct
1111 2232 1153 2309 Η)
1192 2241 1297 2298 contra
1329 2235 1400 2297 Hot-

278 2359 420 2401 mannum
430 2335 454 2411 ²)
478 2339 698 2399 demonstrasse
720 2338 850 2398 videtur.
894 2338 994 2415 Atque
1009 2344 1092 2399 recte
1106 2343 1179 2416 puto
1195 2338 1398 2400 Oaillemerum

278 2444 462 2520 suspicatum
491 2459 571 2517 esse,
600 2441 835 2517 emptionem
858 2440 1143 2518 venditionem,
1174 2442 1251 2501 siout
1280 2441 1400 2513 Romae,

279 2549 408 2605 mutuo
443 2544 569 2604 solum
598 2543 767 2622 partium
797 2560 1001 2604 consensu
1031 2544 1169 2604 initam
1200 2561 1296 2604 esse.
1346 2543 1400 2603 Ad

279 2647 495 2708 transitum
518 2646 574 2706 rei
604 2645 839 2706 vendendae
868 2645 906 2705 in
936 2647 1027 2707 novi
1055 2645 1308 2724 possessoris
1335 2664 1400 2722 po-

278 2752 464 2810 testatem
501 2746 646 2808 fcrmas
675 2749 863 2825 quasdam
894 2748 1103 2808 exstitisse
1136 2748 1400 2818 demonstrat,

279 2869 354 2929 quas
390 2869 456 2911 cnm
491 2850 694 2929 Theophrasti
726 2850 826 2910 verbis
863 2853 925 2911 tum
962 2851 1207 2927 inscriptionibus
1239 2849 1399 2912 admodum

279 2955 379 3014 varias
420 2951 513 3014 fuisse
554 2951 766 3030 intellegimus.
831 2954 878 3012 De
919 2951 1053 3013 ineunda
1087 2952 1219 3029 legitima
1254 2953 1401 3029 pactione,

278 3055 472 3117 theoreticam
499 3053 567 3114 dico
597 3055 755 3132 emptionis
784 3054 975 3128 venditionis¹
995 3057 1125 3130 partem,
1154 3055 1179 3114 si
1210 3055 1277 3132 quis
1301 3053 1400 3115 doceri

278 3159 363 3236 uelit,
391 3155 542 3234 Inspicere
565 3155 637 3216 licet
659 3155 826 3217 Oaillemeri
850 3155 941 3216 libelli
964 3157 1059 3234 oapl
1082 3160 1112 3216 et
1133 3157 1163 3216 11
1188 3160 1219 3217 ot
1240 3156 1399 3216 Hofmanni

279 3261 344 3332 illa,
374 3277 451 3336 qnae
482 3259 622 3337 exposuit
643 3277 671 3335 p.
687 3261 728 3320 88
741 3277 807 3336 sqq.
829 3288 873 3298 --
894 3259 1002 3336 Neque
1024 3258 1139 3319 firmam
1170 3257 1208 3318 de
1238 3258 1284 3318 his
1311 3257 1399 3318 rebus

280 3362 416 3440 regulam
447 3361 529 3439 apud
550 3365 669 3422 veteres
692 3359 822 3421 Graecos
853 3359 1003 3420 exstitisse
1033 3379 1069 3420 ex
1100 3377 1135 3420 eo
1158 3361 1297 3439 apparet,
1320 3357 1398 3436 quod

279 3464 520 3542 Theophrastus,
547 3464 598 3540 qni
629 3463 713 3539 leges
735 3463 868 3524 servavit
890 3462 997 3523 Pittaci
1021 3460 1209 3540 Mitylenaei,
1239 3461 1398 3523 Athenien·

279 3567 370 3644 sium,
402 3566 631 3644 Cyzicenorum,
656 3565 877 3642 Thurinorum,
907 3565 1087 3642 Aeniorum,
1114 3563 1308 3640 Charondae,
1336 3564 1399 3624 Pla-

279 3670 373 3746 tonis,
401 3669 491 3748 plane
523 3668 640 3729 diversa
669 3667 762 3728 fuisse
793 3668 831 3728 de
857 3669 938 3744 pacti
960 3659 1330 3746 perfectionespraeoepta
1352 3665 1399 3726 de·

280 3777 434 3834 monstrat.
476 3771 537 3834 Sed
552 3775 741 3832 transeamus
764 3769 801 3830 ad
825 3789 868 3843 ea,
891 3789 969 3848 quac
991 3769 1190 3847 philosophus
1213 3770 1277 3848 ipse
1300 3769 1399 3828 affert:

279 3864 485 3954 „chor'vdag
514 3867 571 3933 καὶ
601 3858 767 3933 Πλάτων·
799 3852 896 3932 οὗτοι
916 3861 980 3951 γὰρ
1002 3868 1203 3950 παραχρῆιια
1226 3859 1400 3930 κελεύουσι

280 3965 410 4037 διδόναι
450 3971 508 4035 καὶ
547 3961 739 4053 λαμβάνειν,
780 3964 840 4034 ἐὰν
872 3967 910 4035 δέ
940 3989 992 4045 τις
1026 3963 1202 4050 πιστεύσῃ,
1242 3961 1286 4052 μὴ
1318 3960 1400 4031 εἶναι

368 4177 390 4239 ¹)
408 4172 547 4228 Hofmann
560 4173 578 4226 1.
590 4188 613 4227 c.
626 4189 654 4242 p.
667 4176 700 4226 76
711 4186 772 4241 sqq.
806 4168 950 4225 Thalheim
963 4171 980 4226 l.
993 4185 1017 4224 c.
1029 4188 1056 4240 p.
1070 4173 1119 4224 128
1129 4184 1192 4239 sqq.

292 4259 731 4328 „nmpmmmm
