3062 4962
305 351 344 410 36

302 520 411 580 hellen.
426 520 461 590 V,
484 537 513 595 p.
531 523 589 579 112
614 537 640 575 v.
658 523 696 579 16
721 518 862 594 legimus:
893 506 972 596 „cdv
1002 511 1062 596 τῆς
1089 501 1175 589 deig
1196 513 1253 577 καὶ
1275 515 1335 596 τῆς
1358 508 1430 596 ἒμ-

302 611 465 694 plosor
489 666 544 679 ...
566 609 809 700 qpqparroudv“
832 619 905 679 κτλ.
930 650 970 660 -
993 621 1052 682 Sed
1076 622 1172 698 qualis
1196 622 1287 682 fucrit
1306 621 1428 681 neusin

302 723 471 783 adhibenda
494 724 551 784 hac
574 725 776 799 caeremonia,
807 741 884 800 quae
914 723 1054 784 solemnis
1083 723 1230 801 quaedam
1261 723 1353 784 luisse
1383 725 1428 782 vi·

302 826 398 898 detur,
422 825 552 886 discerni
575 827 687 902 nequit,
711 844 805 903 quare
828 825 965 902 sufficiat,
988 827 1167 888 mentionem
1191 827 1256 886 eius
1278 826 1395 887 iecisse.

387 925 489 988 Simile
518 928 589 1004 quid
613 929 740 1005 Delphis
767 933 942 989 consuetum
973 928 1066 988 fuisse
1097 933 1215 1007 putem,
1245 947 1426 1006 quamquam

301 1049 360 1091 vox
382 1020 551 1110 ,,ὲ’μβασις“
574 1030 670 1090 titulis
687 1030 849 1108 Delphicae
872 1032 995 1108 originis
1016 1050 1075 1091 non
1093 1031 1177 1090 inest
1223 1030 1426 1091 Dubitandum

302 1138 400 1195 autem
430 1152 490 1194 uon
522 1137 581 1210 est,
612 1134 683 1211 quin
716 1133 846 1194 formula
871 1130 993 1212 „rubra
1024 1131 1055 1206 (i.
1071 1153 1095 1192 e.
1119 1135 1197 1193 servi
1221 1129 1425 1208 manumissio)

302 1230 339 1295 δὲ
350 1228 483 1315 ἐγένετο
501 1220 670 1314 ἇναμέσον
683 1232 746 1295 τοῦ
763 1233 849 1295 ναοῦ
865 1231 922 1295 καὶ
936 1231 999 1295 τοτ’
1016 1229 1151 1314 βωμοί“
1166 1235 1205 1308 (e.
1220 1256 1263 1314 gr.
1279 1237 1427 1297 Wesoher

301 1344 331 1400 et
345 1341 475 1400 Foucart
490 1340 546 1400 No.
563 1343 634 1416 345,
657 1344 727 1417 376,
747 1342 819 1417 384,
833 1343 895 1401 407
912 1337 980 1411 etc.)
1004 1340 1041 1399 ad
1058 1340 1262 1400 caeremonias
1278 1339 1424 1417 quasdam

301 1443 448 1502 solemnes
476 1441 649 1502 revocanda
686 1435 739 1516 sit,
778 1443 886 1519 quibus
917 1443 995 1502 servi
1032 1442 1230 1520 emancipatio
1261 1443 1425 1503 instituitur

302 1563 402 1622 neque
426 1544 539 1621 dubito,
560 1547 633 1622 quin
657 1564 694 1604 ox
716 1546 774 1604 hac
796 1543 927 1606 formula
950 1545 1092 1622 colligere
1115 1541 1213 1621 liceat,
1236 1545 1323 1606 ctiam
1341 1544 1423 1622 apud

301 1646 433 1723 Delphos
455 1651 556 1707 notam
578 1646 671 1708 fuisse
694 1646 835 1708 embasin.

830 1849 891 1922 §a

479 1966 673 2050 llaqialralus
695 1967 743 2049 qui
767 1966 994 2034 universitatum
1017 1966 1099 2033 vices
1121 1965 1242 2034 obeunt.

385 2089 530 2152 Omnibus
559 2093 622 2152 fere
651 2095 680 2152 in
717 2093 876 2170 emptionis
905 2091 1087 2151 venditionis
1117 2092 1307 2168 pactionibus
1338 2091 1426 2150 nobis

300 2197 435 2272 servatis,
459 2195 600 2271 quoniam
622 2196 716 2254 altera
739 2214 809 2271 pars
833 2196 1013 2254 universitas
1037 2194 1184 2270 quaedam
1208 2199 1261 2269 est,
1289 2211 1340 2253 eos
1363 2212 1425 2252 ma·
1518 2215 1519 2222 ¹

299 2299 442 2374 gistratus
465 2315 690 2374 personasque,
713 2299 763 2374 qui
788 2296 1013 2357 universitatum
1036 2299 1118 2356 vices
1142 2297 1269 2368 obeunt,
1292 2296 1427 2356 breviter
1518 2317 1519 2320 ¹

301 2418 476 2460 enumerare
501 2401 597 2460 liceat

384 2501 571 2573 Athenis,
602 2503 700 2579 qualis
723 2501 816 2561 fuerit
839 2501 1042 2579 consuetudo,
1074 2519 1141 2561 cum
1171 2519 1208 2560 ex
1237 2501 1331 2561 titulis
1353 2503 1426 2560 satis

300 2605 473 2682 intellegere
495 2623 555 2663 non
579 2605 739 2680 possimus,
762 2622 799 2662 ex
822 2603 872 2680 eis,
902 2622 980 2680 qnae
1003 2603 1164 2679 scriptores
1186 2608 1305 2664 veteres
1328 2602 1365 2664 de
1388 2623 1425 2663 ea

299 2725 332 2767 rc
360 2707 480 2781 docent,
515 2705 717 2781 indagandum
740 2711 793 2765 est.
839 2705 1039 2766 ABoeckhio
1053 2704 1075 2778 ¹)
1097 2705 1245 2777 discimus,
1268 2707 1426 2782 potetas

300 2808 392 2868 fuisse
416 2809 630 2884 magistratum,
655 2808 703 2866 oui
726 2806 867 2867 mandata
889 2813 955 2866 erat
979 2825 1051 2867 cura
1074 2806 1193 2883 publice
1213 2808 1425 2885 promulgandi
1513 2875 1514 2880 η

300 2929 334 2969 ea
357 2911 435 2969 bona
456 2898 734 2987 (,,δημιόπρατα“),
756 2928 834 2986 quae
850 2911 955 2969 civitas
971 2908 1130 2969 vendenda
1145 2909 1199 2968 sibi
1214 2916 1424 2987 proposuerat.

300 3011 391 3072 Cuius
414 3013 535 3088 generis
566 3013 617 3089 qui
641 3015 804 3088 supersunt
825 3012 921 3090 tituli,
946 3015 1010 3087 p8
1033 3013 1089 3071 No.
1107 3015 1145 3071 16
1169 3012 1280 3088 singuli
1304 3031 1423 3072 enume-

300 3115 357 3174 rati
388 3117 467 3172 sunt.
522 3110 606 3173 Sicut
640 3114 720 3191 apud
753 3119 871 3174 veteres
906 3115 964 3172 iarn
998 3113 1147 3174 exstitisse
1180 3116 1290 3174 scimus
1323 3116 1423 3192 legum

300 3216 486 3275 collectanea
508 3234 546 3275 ex
570 3216 720 3292 lapidibus
744 3217 988 3294 conscriptarum,
1011 3217 1180 3294 poletarum
1202 3235 1323 3293 quoque
1338 3217 1421 3276 tabu·

302 3320 399 3377 larum
423 3321 455 3377 ut
477 3318 519 3377 ita
541 3319 636 3378 dicam
660 3336 770 3394 corpus
792 3337 852 3378 non
868 3317 1004 3394 defuisse,
1027 3337 1063 3378 ex
1078 3319 1213 3378 Pollucis
1230 3323 1260 3378 et
1275 3319 1422 3379 Athenaei

299 3420 398 3480 verbis
421 3417 654 3497 intellegitu1·.²)·

385 3523 606 3582 Kirchhoff
633 3522 790 3598 0.1.n.1,
812 3542 841 3600 p.
859 3525 918 3584 158
955 3524 1030 3583 haec
1063 3523 1145 3582 dicit:
1179 3516 1327 3600 „Videtur
1356 3525 1419 3583 auri

301 3627 413 3684 certum
448 3623 568 3702 pondus
602 3625 686 3702 operi
719 3625 858 3687 faciendo
892 3629 1023 3702 emptum
1058 3644 1122 3685 esse
1156 3644 1174 3684 a
1208 3622 1420 3687 curatoribus“.

300 3727 405 3787 Utrum
436 3727 474 3786 ad
504 3728 657 3788 Minervae
690 3731 818 3788 statuam
849 3747 866 3786 a
893 3728 1000 3787 Phidia
1032 3726 1243 3788 elaborandam
1273 3730 1421 3806 pertineat

300 3848 338 3888 an
361 3829 398 3888 ad
422 3829 503 3888 aliud
527 3831 592 3889 eius
614 3831 733 3907 generis
757 3848 843 3906 opus,
865 3831 1011 3890 incertum
1036 3837 1200 3906 estusque
1226 3829 1355 3892 discerni
1371 3849 1418 3907 po·

298 3935 365 3991 test.
409 3926 558 4008 ταμίαι
588 3933 766 4009 emptionem
800 3933 901 3992 iacere
931 3933 1070 3991 iubentur
1098 3936 1175 3992 v.6:
1198 3927 1310 4010 λῆμμα
1333 3917 1421 4010 παρὰ

298 4029 429 4111 ταμιῶν
458 4025 495 4091 ἐκ
524 4019 673 4111 πόλεως;
703 4054 729 4093 v.
747 4038 779 4095 9:
801 4029 915 4112 ταμίαι
938 4029 973 4092 δὲ
996 4031 1067 4092 κτλ.
1118 4037 1291 4111 Sequuntur
1320 4036 1418 4095 decem

386 4249 407 4312 ¹)
425 4246 733 4317 Staatshaushaltuugl
751 4266 778 4319 p.
791 4251 840 4302 278
851 4261 912 4316 sqq.

383 4335 406 4399 ²)
423 4332 505 4386 Poll.
518 4332 553 4401 X,
567 4337 607 4385 36.
643 4331 765 4389 Athen.
778 4334 828 4403 XI,
841 4337 915 4387 4760.
