3062 4962
873 533 901 590 3.

618 643 685 723 Rea,
708 658 786 724 quae
809 527 956 708 rehditari
979 641 1127 726 poterant

396 769 495 844 Siquis
518 787 582 827 rem
604 769 753 844 quandam
777 769 907 828 vendere
930 770 1060 839 volebat,
1082 769 1210 845 primum
1232 768 1263 827 id
1287 769 1435 841 studebat,

308 890 346 930 ne
370 872 436 947 quis
459 869 624 941 dubitaret,
649 871 719 948 quin
743 873 862 930 omnino
886 889 958 931 suae
980 871 1137 948 potestatis
1160 889 1293 947 suaeque
1316 889 1435 946 posses-

310 975 403 1033 sionis
425 979 504 1032 esset
526 991 574 1032 res
597 972 766 1034 vendenda.
809 974 909 1051 Atque
933 976 1040 1050 omnia,
1063 992 1141 1051 qnae
1165 972 1233 1050 quis
1252 974 1437 1050 possidebat,

313 1075 447 1136 vendere
469 1077 583 1150 potuit,
612 1077 669 1135 nisi
693 1076 757 1151 lege
781 1077 910 1152 quadam
934 1076 1088 1136 defensum
1112 1081 1192 1152 erat,
1220 1084 1254 1135 ut
1283 1077 1358 1136 haec
1385 1077 1438 1135 vel

308 1180 362 1238 iiia
389 1197 436 1237 res
467 1179 496 1236 in
528 1179 654 1238 alterius
683 1179 825 1239 transiret
855 1180 1081 1254 possessionem.
1134 1179 1241 1256 Neque
1272 1181 1303 1237 in
1334 1179 1437 1238 multis

311 1281 494 1341 Graecorum
533 1281 702 1341 civitatibus
740 1282 883 1341 eiusmodi
923 1283 1006 1358 leges
1040 1281 1170 1341 defuisse
1205 1285 1330 1342 constat.
1387 1282 1436 1341 De

308 1383 536 1443 Atheniensium
559 1401 617 1442 usu
646 1385 787 1459 quoniam
811 1380 994 1456 Boechh¹J
1017 1383 1127 1461 optime
1158 1383 1307 1459 disseruit,
1336 1402 1438 1460 pauca

309 1484 397 1546 modo
421 1503 652 1544 commemorare
675 1487 749 1546 satis
773 1485 846 1563 e1·it;
869 1505 968 1562 neque
989 1487 1020 1545 in
1043 1486 1223 1562 scriptorum
1239 1486 1321 1546 libris
1336 1503 1437 1561 neque

308 1589 339 1648 in
362 1589 434 1665 ipsis
456 1589 550 1648 titulis
572 1588 692 1666 inveni,
722 1607 781 1665 quo
812 1587 986 1665 amphficari
1009 1589 1058 1648 vel
1081 1589 1231 1648 emendari
1254 1589 1370 1664 possint
1391 1606 1438 1665 ea,

309 1709 387 1767 quae
416 1692 464 1749 vir
494 1690 683 1750 doctissimus
716 1691 852 1768 protulit.
899 1688 1027 1750 Athenis
1057 1691 1236 1767 permissum
1260 1710 1320 1750 non
1343 1690 1437 1751 fuisse

308 1797 406 1853 terras
430 1811 528 1854 emere
551 1798 697 1868 quantum
713 1794 840 1870 quisque
856 1793 985 1869 volebat,
1001 1790 1211 1866 Aristoteles'2)
1235 1793 1338 1854 docet:
1361 1787 1436 1871 ,,καὶ

308 1890 379 1954 τῶν
400 1880 506 1954 πάλαι
529 1888 618 1966 τινὲς
640 1890 821 1970 φαίνονται
844 1883 1078 1972 διεγνωκότες,
1110 1882 1186 1953 οἷον
1216 1889 1272 1952 καὶ
1294 1884 1437 1954 Σόλων

309 1991 549 2078 ἐνομοθέτησε,
587 1992 643 2056 καὶ
677 1980 755 2076 παρ>
790 1983 904 2067 όίλλοις
938 1990 1007 2056 ἐστὶ
1041 1983 1180 2075 νόμος,
1215 1985 1256 2068 ὃς
1289 1986 1436 2056 κωλύει

308 2097 483 2159 κτᾶσθαι
506 2096 578 2180 γῆν
601 2082 756 2179 ὁπόσην
779 2089 974 2180 βούληταί
996 2113 1069 2170 τις·
1094 2087 1219 2177 ὁμοίως
1242 2092 1277 2158 δὲ
1297 2093 1355 2157 καὶ
1374 2089 1437 2179 τὴν

308 2188 426 2262 οὐσίαν
442 2200 569 2261 πωλεῖν
585 2193 619 2260 οἱ
634 2191 732 2279 νόμοι
746 2188 940 2263 κωλύουσιν
957 2187 1070 2280 ὥσπερ
1086 2193 1123 2259 ἒν
1137 2199 1310 2280 Λοκροῖς
1332 2191 1436 2279 νόμος

308 2297 378 2364 ἐστὶ
393 2295 437 2383 μή
455 2302 593 2376 πωλεῖν,
609 2289 668 2362 ἐὰν
679 2291 723 2384 μὴ
735 2291 885 2384 φανερὰν
902 2288 1042 2383 ἀτυχίαν
1058 2298 1148 2381 δείξη
1165 2297 1436 2384 constrinxerant

308 2409 381 2467 Item
404 2408 484 2485 apud
500 2406 755 2468 Lacedaemonios
770 2409 819 2468 lex
834 2409 968 2484 Lycurgi
988 2409 1118 2485 vetabat,
1141 2407 1250 2467 fundos
1266 2409 1297 2467 in
1313 2409 1435 2467 alterius

309 2528 416 2570 manus
438 2509 596 2569 transferri
607 2503 640 2585 ³),
670 2527 760 2584 quam
791 2512 888 2586 legem
919 2528 1015 2587 usque
1048 2510 1085 2571 ad
1109 2511 1278 2570 recentiora
1300 2514 1435 2588 tempora

309 2613 440 2672 valuisse
463 2630 500 2671 ex
529 2630 563 2670 eo
595 2613 728 2688 constat,
758 2613 838 2688 quod
870 2615 894 2672 si
917 2614 985 2689 quis
1009 2612 1197 2673 labefactatis
1220 2613 1278 2671 iam
1301 2613 1434 2689 Lycurgi

308 2715 547 2778 institutionibus
578 2715 664 2775 alteri
688 2714 805 2774 cuidam
829 2715 949 2775 tradere
971 2715 1096 2775 volebat
1117 2715 1243 2790 bonum,
1274 2733 1334 2774 non
1365 2733 1433 2774 ven·

310 2816 414 2886 debat,
444 2814 497 2875 sed
521 2814 665 2886 donabat,
697 2816 838 2891 quoniam
861 2815 919 2874 hoc
941 2816 1038 2892 legem
1061 2834 1154 2893 snpra
1177 2820 1433 2877 commemoratam

311 2923 415 2996 aperte
438 2918 559 2994 quidem
582 2917 734 2978 offendere
757 2935 817 2977 non
839 2917 1036 2990 videbamus)

399 3014 582 3080 Addendum
600 3026 645 3080 est
666 3021 887 3097 populiscitnm,
911 3039 971 3096 quo
987 3020 1187 3080 Athenienses
1202 3021 1232 3079 in
1248 3021 1344 3080 altera
1358 3039 1433 3096 sym·

309 3122 438 3200 machia,
461 3141 549 3198 quam
574 3122 725 3182 habebant
747 3123 778 3181 in
802 3123 902 3200 priore
926 3124 1061 3183 enotesin
1084 3125 1114 3182 in
1138 3124 1269 3183 omnium
1286 3124 1432 3183 sociorum

309 3224 418 3284 finibus
450 3225 646 3302 sustulerunt,
668 3223 749 3300 qnod
773 3243 833 3282 non
857 3225 952 3283 solum
974 3224 1100 3285 Diodori
1123 3216 1200 3303 (XV,
1217 3228 1266 3297 29,
1283 3223 1314 3298 λ)
1337 3223 1432 3284 verbis

308 3328 362 3388 sed
392 3327 481 3387 etiam
511 3327 597 3386 titulo
627 3325 720 3402 lapidi
749 3327 845 3387 inciso
876 3326 908 3387 (i.
922 3327 945 3386 1.
959 3327 996 3386 A.
1012 3328 1049 3399 11,
1067 3331 1105 3389 17
1134 3307 1293 3388 docemur:
1321 3346 1363 3388 vs.
1379 3328 1430 3388 35:

396 3491 420 3556 ι)
436 3486 721 3556 suatsnaushaltung
733 3488 757 3558 1,
775 3505 802 3558 p.
816 3493 840 3557 c,
853 3493 893 3557 rc,
910 3492 965 3544 nc.

394 3575 418 3639 ²)
436 3573 519 3627 Polit.
530 3572 567 3639 II,
579 3577 603 3640 4,
616 3578 640 3627 4.

320 3643 337 3696 ⁴5
395 3660 418 3725 ³)
434 3657 477 3711 De
496 3657 547 3712 hac
565 3673 594 3712 re
613 3657 647 3713 cf.
661 3657 770 3712 Gilbert
788 3657 974 3712 Staatsaitert.
996 3674 1023 3727 p.
1039 3663 1078 3714 13.

394 3747 417 3810 Δ)
435 3744 470 3798 cf.
483 3742 633 3798 Aristot:
654 3744 722 3798 Pol.
735 3743 771 3811 ΙΙ,
785 3750 808 3811 9,
821 3761 847 3812 p.
864 3747 928 3798 12ῖο
948 3745 992 3798 cd.
1005 3745 1110 3798 Bcrot:
1133 3737 1294 3808 ,deuictos
1311 3738 1428 3813 μὲνγὰρ

309 3823 449 3900 ἢπωλιῖν
464 3823 516 3896 τὴν
531 3819 719 3898 ὑπάρχουσαν
734 3830 805 3896 (scii.
814 3825 925 3898 χώραν)
941 3821 1078 3898 ἐποίησεν
1088 3824 1122 3884 ov’
1132 3825 1231 3895 καλὸν,
1246 3820 1428 3900 δρθιῦςκοιή-

311 3932 371 3979 σας,
391 3908 499 3967 διδόναι
512 3909 542 3968 δὲ
556 3910 606 3967 καί
623 3911 809 3968 καταλείπειν
827 3909 961 3978 ἐξουσίαν
974 3907 1066 3969 ἔδωκε
1084 3921 1145 3980 τοῖς
1156 3909 1359 3986 βουλομένοις·
1372 3917 1427 3968 κτλ.

311 4039 316 4052 .
337 4041 342 4052 .
362 4038 368 4052 .
389 4001 455 4062 ,νῦν
474 3994 504 4052 δὲ
524 3989 637 4061 ἔξεστιν
655 3996 755 4053 δοῦναί
771 4017 803 4054 τε
821 3995 872 4068 τὴν
890 3993 1047 4070 ἐπίκληρον
1060 3989 1119 4074 ότηι
1133 3992 1168 4054 dv
1186 3991 1350 4070 βοόληται“.

394 4083 481 4137 Piut.
499 4080 591 4150 Agis
605 4081 639 4151 V,
653 4087 676 4137 2.
700 4075 890 4154 ,Fuoosv'occ
908 4078 938 4138 δὲ
957 4100 999 4148 τις
1018 4075 1089 4154 ἀνὴρ
1108 4079 1235 4148 δυνατὸς.
1272 4126 1278 4139 .
1303 4077 1428 4138 ,Ἐπιτά-

310 4172 374 4234 δευς
392 4160 496 4234 ὄνομα,
520 4162 594 4238 πρὸς
617 4163 669 4222 τὸν
686 4163 750 4222 υίὸν
768 4162 847 4242 αὐτῷ
866 4163 1024 4238 γενομένης
1042 4171 1191 4239 διαφορᾶς,
1216 4161 1327 4241 ῥήτραν
1350 4161 1428 4240 ἔγρα-

309 4267 375 4323 ψεν,
395 4244 502 4315 ἐξεῖναι
519 4246 571 4305 τόν
593 4243 676 4306 οἶκον
694 4243 784 4308 αὑτοῦ
802 4250 852 4308 καὶ
870 4247 921 4307 τόν
934 4256 1043 4324 κλῆρον
1061 4240 1139 4326 circo
1153 4247 1253 4310 ἐθέλοι
1271 4251 1323 4310 καί
1342 4255 1427 4321 ζῶντα

309 4339 409 4392 δοῦναι
428 4333 478 4390 καί
496 4339 667 4392 καταλιπεῖν
685 4331 904 4406 decorticatum
924 4341 985 4392 κτλ.
