3062 4962
304 369 343 429 12

302 541 468 614 emptorum
497 539 687 615 pretiumque
718 556 755 597 ex
785 539 935 614 emptione
962 539 1135 600 venditione
1157 539 1288 600 solutum
1311 540 1422 600 intelle·

302 641 408 716 gimus.
452 639 621 700 Doleudum
646 645 706 710 est,
736 639 817 720 quod
846 641 895 700 hio
917 659 1039 736 quoque
1061 641 1138 720 lapis
1161 641 1321 702 admodum
1344 646 1423 702 trun·

303 745 388 802 eatus
410 745 463 801 est

389 848 416 905 2.
436 828 615 923 Ἀθήναιον
631 844 697 920 Vll,
712 862 741 921 p.
757 848 818 906 207
831 862 896 921 sqq.
912 862 955 904 vs.
970 849 1076 906 1-27
1098 845 1248 906 decretum
1273 845 1424 906 continent

303 946 341 1007 de
364 946 521 1007 vendendo
546 947 718 1024 Aesoulapii
741 947 921 1019 saeerdotio,
952 948 1033 1024 quod
1057 967 1093 1007 ex
1115 948 1301 1025 imperativis
1323 948 1425 1008 formis

302 1067 347 1109 va.
365 1054 396 1110 7:
417 1043 601 1128 χρηείσθω,
624 1067 667 1109 va.
681 1053 713 1112 9:
736 1033 894 1108 ῶνείσθω
915 1050 998 1127 aliis,
1021 1051 1126 1110 elucet
1171 1052 1336 1128 Variaeque
1359 1068 1424 1110 eon·

303 1153 435 1212 diciones
457 1155 487 1211 et
509 1153 774 1212 emolumentorum
797 1154 994 1225 notationem,
1024 1171 1102 1230 quae
1133 1171 1213 1214 novo
1239 1153 1424 1215 saeerdotie
1514 1145 1515 1152 '

303 1272 427 1314 munere
449 1273 535 1315 saoro
559 1256 708 1332 existunt,
738 1275 799 1316 non
823 1255 928 1315 deesse
950 1255 1095 1316 videmus.
1138 1257 1232 1315 Faeta
1253 1255 1424 1316 venditione

305 1359 380 1417 haee
411 1358 441 1418 in
470 1357 529 1417 fine
557 1357 710 1434 adscripta
735 1361 818 1418 sunt:
840 1375 884 1417 vs.
900 1361 1041 1420 28-30:
1063 1348 1155 1436 τιμῙὰ
1176 1349 1345 1438 λερωτείας
1366 1346 1427 1417 σὺν

304 1449 483 1519 ἑκατοστᾶι
494 1455 566 1533 κ[αλ
576 1453 795 1540 τριαλκῶστᾶι
806 1454 946 1539 δραχμαὶ
957 1455 1240 1539 πεντακισχίλιαι.
1256 1507 1262 1518 .
1276 1506 1283 1521 .
1299 1453 1426 1540 ίκον]τα

304 1547 404 1636 ὀκτώ,
426 1557 560 1642 τέτορες
582 1547 714 1637 ὀβολοί·
738 1555 893 1642 desolabo
910 1561 993 1624 Σωλ
1012 1556 1017 1642 1
1036 1558 1172 1642 πα]τρὶς
1188 1557 1331 1644 Μηνίου.
1374 1563 1425 1624 Oe·
1515 1581 1516 1584 ¹

303 1670 399 1726 terum
420 1683 456 1725 ex
473 1666 805 1744 Constantinopolitano
826 1666 951 1742 regione
975 1666 1103 1743 lapidem
1120 1668 1296 1743 provenisse
1312 1667 1427 1725 Ditten·

303 1769 413 1844 berger
424 1765 446 1842 ¹)
471 1771 577 1828 eontra
599 1769 727 1846 priorem
752 1769 896 1828 editorem
913 1767 1116 1828 Oumanndem
1139 1770 1213 1830 satis
1234 1741 1427 1843 probabillter

304 1870 530 1947 demonstravit,
554 1870 606 1947 qui
635 1889 702 1930 eum
728 1862 782 1946 ,ἐξ
809 1854 982 1950 Ἐρυθρῶν
1008 1866 1069 1949 τῆς
1091 1863 1267 1940 Αἰολίδος“
1293 1871 1427 1931 Athenas

304 1977 489 2051 asportatum
513 1991 579 2034 esse
600 1973 727 2051 putavit.

389 2128 520 2205 Lapides
543 2129 572 2188 in
596 2129 671 2189 loeis
694 2129 857 2188 eolloeatos
880 2147 946 2188 esse
974 2129 1118 2206 publicis,
1149 2128 1200 2188 nbi
1230 2146 1348 2205 semper
1377 2146 1428 2188 eos

304 2232 454 2308 inspicere
477 2229 590 2305 liceret,
613 2248 679 2290 oum
703 2249 739 2289 ex
762 2232 895 2309 ipsorum
917 2231 1072 2291 titulorum
1095 2231 1132 2291 de
1155 2249 1190 2290 ea
1211 2249 1245 2291 ra
1260 2231 1428 2307 praeoeptis

304 2339 367 2393 tum
398 2351 436 2392 ex
467 2351 503 2392 eo
526 2333 670 2410 imprimis
693 2332 805 2409 eluoet,
836 2333 917 2410 quod
945 2334 1016 2393 satis
1039 2351 1179 2410 maguum
1202 2334 1427 2410 inscriptionum

304 2453 462 2495 numerum
492 2465 535 2474 —
565 2436 684 2495 nomino
716 2435 893 2512 Delphicas,
924 2453 1002 2511 quae
1033 2440 1102 2495 suut
1125 2435 1162 2496 de
1186 2435 1428 2495 manumittendis
1517 2413 1518 2426 ί

305 2541 400 2599 servis
422 2567 463 2578 -
485 2537 515 2597 iu
549 2539 591 2596 eis
622 2537 695 2597 loeis
722 2542 875 2615 repertum
908 2555 973 2598 esse
997 2542 1123 2598 constat.
1174 2540 1208 2598 ln
1239 2537 1304 2597 foro
1327 2539 1376 2598 vel
1396 2539 1427 2596 in

192 2671 197 2684 ·
306 2641 417 2719 templo
441 2640 621 2700 documenta
644 2639 790 2699 oellooare
806 2641 931 2699 maxime
946 2641 976 2699 iu
993 2658 1049 2700 usu
1065 2639 1156 2699 luisse
1172 2639 1298 2700 videtur.
1344 2639 1428 2714 Quae

304 2744 452 2803 intitulis
484 2743 520 2802 de
550 2742 606 2801 hao
636 2759 668 2801 re
698 2741 799 2802 inveni
826 2745 989 2820 praecepta
1012 2742 1087 2802 haee
1108 2746 1194 2802 suut:
1217 2744 1251 2800 lu
1276 2739 1429 2820 Olymenei

307 2846 391 2906 titulo
422 2845 511 2904 valde
541 2845 644 2904 mutilo
668 2845 805 2904 Frdhuer
828 2845 885 2904 le.
909 2845 1014 2907 Nono
1039 2863 1080 2904 vs.
1095 2849 1133 2906 16
1147 2862 1227 2922 sqq.:
1259 2844 1333 2904 haee
1357 2844 1429 2920 legi·

307 2967 390 3009 mus:
416 2941 490 3020 „nal
512 2940 614 3006 τοῦδε
637 2940 701 3005 τοῦ
725 2941 938 3026 ψηφίσματος
960 2933 1000 3005 τὸ
1022 2930 1231 3026 ἀντίγραφον
1255 2937 1288 3005 ολ
1309 2940 1345 3005 δὲ
1361 2938 1429 3005 ἐνε-

306 3047 429 3121 στῶτες
465 3040 592 3130 capriol
622 3033 834 3128 α’ναθέντων]
855 3041 1042 3127 1Κυβιμοῑς
1070 3041 1107 3107 ἐν
1137 3030 1179 3107 ῶι
1208 3033 1251 3107 ἂν
1280 3040 1336 3107 ἐπὶ
1366 3038 1429 3126 την

306 3147 426 3233 λέσχην
454 3137 566 3211 τότωι
595 3147 667 3210 τῶν
695 3146 799 3223 ναῶν,
828 3146 889 3229 τῆς
920 3144 955 3210 δὲ
983 3137 1073 3230 ῶνῆς
1103 3145 1159 3209 καὶΙ
1181 3147 1241 3230 τῆς
1263 3140 1429 3229 ἐμβάσεως

308 3247 377 3336 κα[λ
401 3251 459 3333 τῆς
483 3239 679 3333 ἀναγραφῆς
700 3243 739 3313 τὸ
763 3238 926 3331 ἀνάλωμα
949 3242 1115 3334 δόλτωσαν
1131 3245 1169 3312 ἐκ
1183 3251 1242 3332 τῆς
1256 3243 1430 3332 προσόδου

304 3354 396 3416 κτλ.“
445 3356 600 3417 Vooabulo
626 3339 870 3435 „dvalypopoffl
898 3355 1048 3431 doeemur,
1079 3374 1139 3415 non
1162 3356 1253 3415 semel
1275 3356 1362 3415 modo
1386 3357 1428 3414 iu·
1518 3335 1519 3394 ί

309 3461 458 3537 sculptam
482 3477 547 3520 esse
570 3459 748 3535 pactionem,
770 3457 823 3517 sed
845 3457 1041 3535 apographon
1062 3460 1234 3518 eontraotua
1254 3457 1429 3517 oollooatum
1518 3457 1519 3538 l

306 3563 398 3622 fuisse
421 3562 502 3622 haud
524 3562 630 3638 procul
652 3581 669 3620 a
691 3561 811 3639 templo.
1518 3545 1519 3550 ¹

392 3666 625 3724 Aeeuratissime
647 3665 725 3723 haue
748 3663 966 3723 iustitutionem
997 3681 1034 3724 ex
1058 3661 1220 3740 Mylasensi
1244 3663 1331 3722 titulo
1355 3661 1428 3722 Bull.

308 3767 344 3828 de
361 3785 490 3845 eorresp.
510 3767 659 3828 hellenv
682 3786 710 3844 p.
724 3771 783 3827 112
806 3768 902 3827 vs.15
927 3765 1080 3825 discimus:
1107 3751 1430 3844 „Taroypaordawoav

308 3863 344 3930 δὲ
375 3862 412 3928 ἐν
433 3866 497 3929 τῶι
525 3865 585 3947 τῆς
612 3857 1059 3949 μισθῶσεως·χρηματισμῶι
1087 3855 1166 3926 τόδε
1194 3852 1234 3925 τὸ
1257 3852 1428 3945 ψηφισΙμα.

309 3958 611 4053 λίναγραηάτωσαν
642 3965 678 4030 δὲ
705 3964 742 4030 ἐν
770 3966 833 4030 τῶι
863 3962 956 4051 λερῶι
985 3963 1049 4029 τοῦ
1077 3959 1152 4040 Διὸς
1174 3953 1430 4048 Ὀτωρκονδέων

306 4065 369 4135 τόν
397 4094 433 4135 τε
462 4071 522 4154 τῆς
549 4058 637 4154 ῶνῆς
668 4068 725 4133 καὶ
754 4070 814 4152 τῆς
845 4061 1013 4152 ἐμβάσεως
1038 4065 1043 4152 Ι
1067 4065 1123 4130 καὶ
1154 4067 1215 4150 τῆς
1242 4060 1430 4150 μισθῶσεος

306 4167 534 4260 χρηματισμόν
556 4175 647 4237 xvii!
673 4207 716 4218 -

396 4343 416 4409 ¹)
433 4341 550 4397 Hermes
562 4339 640 4406 XVI,
659 4357 685 4409 p.
701 4343 750 4394 164
762 4353 823 4408 sqq.
