3062 4962
1206 367 1246 425 39

120 521 235 606 φυλῆς
259 512 501 608 Ἡρακλει[δῶν
535 515 641 610 πα]ρά
678 528 748 589 κτλ.
803 551 828 589 v.
853 536 906 594 66:
938 527 1158 610 Πρακλειδῶν
1191 529 1247 592 καὶ

120 625 233 708 φυλῆς
250 616 474 709 Ἡρακλειδῶν
509 625 649 711 ἐπρίατο
673 632 746 691 κτλ.
802 634 859 708 Qui
894 636 1085 712 magistratus
1114 638 1247 696 Heracli·

121 733 229 792 darum
251 733 362 810 phylae
385 735 466 794 vices
489 735 624 814 obierint,
647 755 685 796 ex
707 736 794 796 titulo
818 755 878 797 non
902 737 1050 799 discimus

689 945 717 1002 6.
738 951 740 954 ,

409 1051 561 1121 Personae
582 940 787 1138 quajpsrles
808 1054 960 1122 adiuvant.

208 1178 297 1255 Apud
320 1197 422 1238 omnes
444 1178 507 1238 fere
531 1183 645 1256 gentes,
668 1198 746 1256 quae
769 1181 886 1257 legibus
909 1185 1049 1242 accurate
1069 1185 1247 1260 conscriptis

122 1281 294 1358 utebantur,
317 1300 377 1341 nou
400 1285 501 1358 partes
525 1282 622 1358 modo,
643 1283 722 1342 inter
745 1299 819 1359 quas
834 1283 867 1343 fit
881 1285 989 1361 pactio,
1012 1287 1107 1362 egisse
1124 1289 1248 1362 constat,

119 1384 174 1444 sed
203 1383 268 1442 aliis
291 1393 412 1459 quoque
434 1403 511 1460 opus
533 1385 626 1445 fuisse
648 1387 794 1461 personis,
818 1405 894 1462 quae
917 1405 984 1446 oum
1007 1392 1126 1465 pactum
1149 1389 1246 1464 ipsum

121 1486 297 1561 exlegibus
328 1486 439 1545 factum
470 1505 535 1547 esse
559 1487 814 1564 demonstrarent,
846 1492 996 1567 tumeas,
1029 1509 1104 1567 quas
1128 1495 1246 1551 mutuas

121 1589 254 1648 inierant
276 1592 378 1664 partes
402 1588 595 1649 condiciones
618 1589 830 1650 confirmarent
845 1594 945 1668 atque,
968 1594 1018 1652 uhi
1035 1597 1246 1671 necesseerat,

120 1694 205 1768 ipsae
228 1693 291 1750 eins
314 1691 389 1763 loco,
413 1693 497 1752 ouius
520 1711 537 1752 a
560 1692 697 1768 partibus
719 1693 848 1771 stabant,
869 1692 969 1771 officia
992 1696 1136 1756 subirent.

206 1794 252 1852 Idu
275 1793 396 1854 Graecis
428 1813 549 1871 quoque
577 1794 671 1854 titulis
703 1813 763 1855 non
786 1795 918 1856 defuisse
942 1797 1018 1856 tales
1040 1798 1122 1857 viros
1145 1802 1246 1875 partes

120 1899 259 1956 iuvantes
282 1897 353 1956 satis
375 1901 514 1974 apparot;
538 1897 590 1957 sed
613 1896 728 1956 firmam
752 1897 789 1958 de
807 1917 842 1958 ea
857 1917 889 1958 re
905 1899 1037 1974 regulam
1055 1901 1244 1960 constitutam

121 2019 182 2059 non
205 1999 314 2077 fuisse,
343 1999 464 2059 nomina
491 2001 557 2076 ipsa
579 2018 752 2077 generaque
780 2001 885 2060 harum
908 2020 1105 2079 personarum
1128 2003 1246 2080 docent,

123 2121 201 2179 quae
225 2107 390 2162 occurrunt
411 2103 441 2163 in
466 2103 558 2162 titulis
581 2102 730 2180 lapidibus
752 2103 916 2181 insculptis.

207 2208 253 2265 De
275 2206 404 2281 pecunia
425 2205 551 2266 testibus
578 2193 721 2285 ἰμνήμης
743 2195 857 2264 tesam
888 2205 970 2284 apud
992 2208 1144 2269 Thurinos
1173 2207 1244 2269 data

121 2326 199 2384 quae
223 2310 326 2367 narrat
347 2308 582 2385 Theophrastus,
605 2328 633 2386 p.
649 2313 763 2386 33sqq.
787 2313 984 2369 commentata
1007 2313 1085 2370 sunt.

206 2402 237 2470 I.
268 2398 499 2489 Μάρτυρες.

208 2513 291 2586 Quos
322 2531 388 2572 cum
415 2514 445 2572 in
478 2515 521 2574 eis
551 2515 712 2591 praecipuo
735 2514 830 2574 titulis
853 2514 1017 2592 videamus,
1041 2517 1092 2592 qui
1115 2519 1185 2576 suut
1207 2517 1245 2575 de

123 2633 279 2675 servorum
303 2617 549 2693 manumissione,
580 2620 642 2676 tum
675 2635 725 2677 eos
754 2618 879 2677 usitatos
909 2617 1001 2677 fuisse
1031 2621 1148 2695 putem,
1178 2637 1244 2678 cum

122 2719 248 2778 solemni
272 2717 401 2800 quadam
425 2722 533 2779 natura
560 2719 713 2797 praeditus
745 2723 810 2779 erat
833 2723 1013 2780 contractus.
1059 2721 1170 2779 Eorum
1194 2740 1245 2781 no-

121 2822 210 2897 mina,
234 2839 308 2898 qnos
330 2820 455 2898 Delphis
477 2822 535 2882 hoo
557 2823 677 2882 testium
701 2840 826 2882 munere
848 2821 968 2882 iunctos
991 2839 1056 2882 esse
1079 2820 1245 2895 Fouoart1)

121 2923 347 3000 demonstravit,
368 2925 500 2984 breviter
523 2924 728 2985 enumeranda
751 2929 829 2984 sunt.

207 3027 229 3086 1.
258 3025 500 3087 Sacerdotes
521 3028 572 3088 vel
594 3028 698 3103 templi
721 3027 929 3104 magistratus:

249 3127 279 3202 a)
302 3128 535 3202 sacerdotes
564 3129 770 3208 Apollinis
802 3130 890 3206 eique
911 3129 984 3206 duo;
1014 3128 1163 3190 interdum
1196 3148 1243 3189 oo-

296 3233 390 3291 cnrrit
412 3249 491 3292 unus
515 3233 611 3293 modo.

249 3333 279 3408 b)
303 3324 342 3392 ol
365 3323 584 3414 νεωκόροι.

249 3434 277 3510 o)
300 3427 542 3518 προστότης
565 3429 639 3517 [τοῦ
663 3429 781 3518 leoco}

208 3543 244 3601 ll.
274 3540 466 3602 Oivitatis
489 3541 756 3618 magistratus.

250 3636 281 3719 a)
305 3628 508 3721 ἄρχοντες
532 3644 619 3720 eique
642 3647 712 3704 tres.

249 3739 546 3818 bldcvieooat

206 3849 259 3907 111.
287 3831 482 3921 Ἰδιώται,
512 3849 620 3926 privati
643 3849 786 3925 homines,
809 3867 935 3925 qnorum
959 3848 996 3908 de
1020 3865 1145 3908 numero
1166 3847 1244 3906 certi

122 3950 285 4028 quidquam
308 3968 346 4010 ex
369 3951 462 4010 titulis
486 3950 622 4010 concludi
643 3969 702 4010 non
719 3954 828 4028 potest.
872 3949 973 4027 Siquis
989 3952 1124 4027 quaerat,
1146 3948 1244 4025 qualis

121 4052 213 4113 fuerit
234 4053 339 4112 horum
363 4053 482 4112 testium
505 4057 632 4130 natura,
655 4053 742 4114 facile
765 4054 936 4130 intelleget,
959 4072 1018 4113 non
1043 4050 1169 4112 eandem
1192 4069 1243 4112 eos

121 4155 230 4216 hahere
253 4154 383 4216 indolem
407 4173 496 4232 quam
520 4151 754 4236 βεβαιωτῐρας,
777 4173 853 4234 quos
876 4157 907 4215 in
931 4154 1042 4215 eisdem
1063 4155 1158 4215 titulis
1173 4154 1244 4214 Del·

209 4338 231 4403 ¹)
248 4330 390 4391 Archives
408 4335 459 4390 des
477 4336 551 4391 miss.
570 4333 689 4390 scientis.
707 4351 791 4390 nouo.
810 4335 862 4390 str.
874 4335 924 4404 III,
942 4350 970 4404 p.
984 4338 1032 4390 395
1043 4349 1104 4407 sqq.
