3062 4962
1188 392 1228 454 25

103 558 200 619 servis
230 559 287 620 sub
317 558 476 636 emptionis
505 559 687 619 venditionis
717 559 814 620 torma
836 557 887 633 (ei.
910 578 939 637 p.
955 557 995 633 5).
1047 562 1093 620 De
1121 562 1230 638 quibus

104 661 272 722 Oaillemeri
295 663 482 740 probandam
511 679 576 723 esse
599 665 672 739 puto
702 662 896 734 sententiam,
929 665 980 739 qui
1011 663 1229 740 antiquioribus

105 765 292 843 temporibus
315 783 416 825 veram
439 766 589 826 exstitisse
612 765 718 825 statuit
739 765 939 825 venditionem
963 766 1159 845 intendem,
1180 768 1230 828 eui

102 866 287 927 venditatur·
308 885 414 927 servus
445 869 637 946 prioremque
666 886 886 945 possessorem3
916 872 978 928 tum
1010 867 1039 928 in
1072 869 1230 930 dedieandi

103 957 230 1030 formam
252 969 347 1047 magis
378 972 532 1048 magisque
563 974 705 1031 mutatam
736 990 801 1034 esse
831 971 910 1032 hano
932 972 1160 1032 manumittendi
1182 992 1229 1034 ra·

102 1074 226 1150 tionem,
249 1073 368 1149 qualem
390 1073 421 1132 in
443 1074 537 1133 titulis
560 1075 619 1133 bue
642 1073 848 1151 spectantibus
871 1093 951 1135 nune
974 1075 1119 1135 videmus.

189 1174 240 1234 IV.
271 1173 499 1236 Sacerdotia.

189 1278 235 1336 De
274 1282 383 1338 natura
422 1278 512 1337 huius
554 1279 713 1354 emptionis
753 1278 935 1340 venditionis
976 1281 1096 1356 generis
1132 1281 1229 1359 primo

102 1378 266 1440 dioendum
299 1383 362 1457 est,
398 1379 576 1440 simillimam
609 1399 672 1441 eam
707 1381 799 1442 fuisse
836 1383 1085 1470 emphyteuseos,
1118 1384 1229 1461 quippe

103 1501 173 1542 enm
205 1483 231 1542 is
264 1483 315 1560 qui
349 1487 463 1543 emerat
493 1483 615 1560 aliquod
644 1464 1051 1560 saeerdotiumJut—titulis
1082 1485 1155 1563 ipsis
1178 1485 1230 1546 do·

103 1604 215 1663 demur,
242 1587 540 1674 Qllllll
570 1606 687 1648 sacrum
711 1606 819 1648 munus
843 1589 1021 1659 obtinuerit3
1049 1588 1230 1666 ireque-em·
1285 1617 1288 1623 ·

103 1688 523 1766 emmennonen'alteri
558 1690 691 1766 vendere
719 1692 855 1768 notuisse
878 1691 1095 1764 sacerdotium.
1117 1721 1159 1730 -
1181 1691 1230 1752 ld

103 1791 313 1869 explieandam
343 1792 420 1851 hano
450 1811 513 1851 rem
540 1792 719 1870 scriptorum
750 1795 835 1854 loeus
859 1797 1069 1867 eustatmus,
1094 1793 1230 1871 Dionysii

102 1891 429 1968 Halicarnassensis¹),
457 1913 516 1970 quo
540 1895 621 1972 apud
645 1898 763 1956 veteres
786 1896 917 1956 Graeoos
941 1899 1114 1956 consuetam
1137 1894 1231 1956 inisse

104 1995 342 2057 saeerdotiorum
364 1995 565 2057 venditionem
589 1997 804 2075 intellegimus,
827 2016 917 2074 quam
940 1997 1021 2074 apud
1045 1998 1230 2060 Christianos

102 2097 278 2176 posterioris
306 2100 449 2175 temporis
480 2093 672 2176 ,‚simoniam“
704 2101 882 2177 appellatam
911 2118 977 2160 esse
1008 2101 1126 2160 seimus.
1169 2099 1229 2162 Sed

103 2200 186 2278 quod
210 2200 337 2261 deerant
359 2201 424 2262 eius
446 2201 490 2262 rei
512 2201 572 2262 alia
594 2201 784 2278 documenta,
806 2220 866 2262 nou
891 2204 991 2280 magni
1011 2203 1153 2280 ponderis
1169 2203 1229 2262 exi-

104 2303 282 2364 stimabatur
310 2303 384 2364 haee
413 2304 551 2381 Dionysii
582 2305 692 2364 mentio
731 2305 846 2382 diuque
878 2306 1016 2382 neglecta
1044 2309 1104 2382 est,
1133 2305 1230 2367 donee

104 2407 209 2483 plures
240 2407 271 2466 in
302 2406 401 2466 luoem
422 2411 630 2485 provenerunt
652 2408 732 2484 tituli
754 2407 903 2485 lapidibus
934 2409 1090 2485 inseulpti‚
1121 2408 1230 2486 quibus

103 2509 196 2569 labus
235 2510 369 2586 patuisse
405 2509 485 2569 hano
522 2509 769 2570 eonsuetudinem
804 2511 883 2570 inter
913 2510 1044 2572 Graecos
1079 2511 1230 2586 doeemur,

72 2615 76 2624 '
105 2629 194 2689 quam
219 2590 315 2688 usquie
339 2611 438 2672 adhue
459 2613 607 2691 putabant
628 2613 686 2672 viri
710 2613 797 2673 docti.
842 2612 909 2686 Qua
932 2612 969 2674 de
991 2631 1025 2674 re
1047 2631 1145 2690 nuper
1165 2613 1229 2674 bre·

102 2713 182 2776 viter
213 2712 287 2773 dixit
316 2712 575 2793 Dittenbergerb.
627 2716 777 2789 Quattuor
808 2734 888 2775 nnno
916 2715 995 2775 tituli
1024 2715 1061 2776 de
1091 2715 1228 2776 sacerdo·

102 2817 214 2877 tiorum
237 2817 410 2877 venditione
435 2821 561 2896 exstant,
584 2835 659 2895 quos
682 2817 766 2878 initio
789 2817 881 2878 totius
903 2817 1159 2878 commentationis
1175 2818 1228 2878 sub

102 2921 160 2980 No.
179 2923 305 2981 17—20
329 2921 505 2980 enumeravi
526 2919 567 2996 (p.
583 2918 624 2991 5).

191 3022 328 3100 Dupliois
349 3024 470 3101 generis
493 3041 559 3084 esse
583 3026 727 3100 quattuor
749 3023 804 3083 hos
826 3023 930 3084 titulos
961 3024 1151 3084 statuendum
1176 3027 1230 3084 est.

105 3126 405 3203 17,19,20unius
436 3126 533 3186 solum
565 3125 722 3186 sacerdotii
754 3125 956 3186 venditionem
986 3125 1157 3198 eontinent,
1189 3129 1229 3188 18

102 3230 203 3288 autem
227 3228 389 3288 multorum
419 3228 572 3288 numinum
596 3228 867 3304 enumerationem,
896 3245 1024 3305 quorum
1055 3246 1141 3288 saera
1169 3248 1230 3292 mu-

103 3347 177 3390 nera
207 3347 286 3389 novo
316 3327 466 3390 sacerdoti
501 3330 652 3407 emptione
686 3329 859 3390 venditione
889 3329 1078 3391 mandantur.
1130 3331 1231 3408 Atque

102 3432 212 3510 prioris
243 3432 364 3511 generis
393 3431 487 3492 titulis
517 3433 667 3510 inseulpta
698 3435 743 3494 est
771 3436 912 3493 aoourata
944 3432 1153 3493 oondieionum
1181 3433 1230 3493 de·

101 3535 236 3614 scriptio,
267 3553 345 3613 quae
376 3533 583 3596 observandae
614 3540 699 3596 erant
730 3554 808 3597 novo
839 3536 1003 3613 saeerdoti;
1031 3536 1230 3618 drythrensis

102 3640 205 3699 autem
235 3638 340 3698 titulus
370 3638 408 3698 de
428 3637 667 3725 „eondioionibus
695 3638 811 3725 emendi
840 3643 932 3715 atque
961 3638 998 3698 de
1025 3639 1230 3698 emolumentis

102 3759 182 3819 quae
206 3720 316 3819 capere
340 3725 441 3817 potest
462 3745 578 3818 emptor
600 3759 637 3802 ex
660 3721 784 3802 munere
807 3745 916 3819 empto,
938 3741 1059 3828 omnino
1075 3741 1117 3800 nil
1134 3740 1230 3823 doust.

190 3844 235 3902 Ao
257 3842 386 3920 primum
410 3844 531 3920 quidem
553 3847 725 3922 praecepta,
746 3862 824 3921 quae
844 3845 874 3904 in
891 3827 986 3904 titulis
1002 3843 1088 3904 modo
1105 3862 1231 3904 comme·

102 3946 228 4006 moratis
250 3944 419 4022 persoripta
441 3949 519 4018 sunt
542 3945 628 4006 brevi
649 3946 679 4004 iu
704 3949 896 4022 eonspeotnm
920 3963 1037 4022 ponam.

107 4047 111 4054 '
192 4052 219 4107 1.
248 4049 305 4108 No.
332 4052 379 4109 17.
431 4041 521 4109 Initio
551 4049 630 4109 tituli
660 4047 750 4109 huius
780 4046 1052 4110 Halicarnassensis
1083 4048 1229 4109 nominari

103 4197 311 4209 *—

189 4280 213 4348 1)
226 4269 309 4346 Ῥωμ.
330 4270 393 4349 ἄρχ.
405 4277 443 4347 11,
455 4281 496 4333 21.

188 4366 214 4432 ²)
230 4363 348 4420 Hermes
360 4361 437 4432 XVI,
454 4379 483 4435 p.
498 4367 544 4420 tos
554 4377 616 4434 sqq.
680 4372 682 4377 ’
