3062 4962
1222 331 1321 414 aa

139 493 236 566 θεοῖς
258 483 421 565 τούτοιςίί.
473 495 577 570 Qualis
600 494 690 555 inerit
714 513 804 555 eausa
826 495 915 555 huius
937 495 1132 568 venditionis,
1160 515 1267 558 eruere

138 599 255 660 studuit
271 617 338 659 oum
354 599 535 674 Newton,
557 599 608 675 qui
625 581 772 673 ἀσεβείας
793 599 917 675 punitos
940 615 1005 658 esse
1028 617 1127 658 rerum
1150 617 1267 676 posses·

138 719 234 778 sores,
249 707 312 762 tum
327 703 356 761 H
365 720 409 762 au
420 721 481 762 sso
492 702 564 761 ulli
575 720 622 773 er,
637 701 715 761 alter
727 701 831 778 editor,
843 701 894 777 qni
907 701 983 772 illos,
996 703 1126 778 peeunin
1138 703 1266 779 quadem

138 803 265 880 eredita,
287 809 420 882 tempore
444 805 605 864 constituto
628 823 689 864 non
710 804 816 881 soluta,
839 805 984 864 bonorum
1001 803 1176 867 venditione
1192 806 1266 866 mal·

136 910 218 967 tates
241 925 307 968 esse
330 908 454 985 putavit.
499 906 558 968 Sed
582 925 679 984 neque
703 908 779 966 hano
802 926 899 985 neque
922 907 1001 967 illam
1025 909 1203 968 sententiam
1228 929 1266 969 ex

135 1010 205 1088 ipso
227 1011 315 1071 titulo
338 1011 380 1069 ita
402 1010 599 1070 demonstrari
622 1027 709 1088 posse
732 1008 934 1070 confitendum
959 1014 1021 1088 est,
1051 1015 1084 1071 ut
1107 1011 1265 1072 dubitandi

136 1132 199 1174 non
221 1113 280 1173 iam
303 1113 342 1173 sit
364 1112 456 1173 lotas.

224 1218 258 1275 ln
282 1215 376 1275 altera
406 1218 492 1291 parte
521 1212 817 1290 stratilianum
841 1217 888 1290 1)),
909 1215 1001 1291 ¹qnod
1031 1215 1089 1274 iam
1116 1214 1200 1276 initio
1223 1218 1265 1277 ita

136 1318 234 1378 mutili
264 1321 334 1378 sunt
362 1335 482 1389 versus,
511 1320 544 1377 ut
573 1335 629 1393 pro
661 1320 743 1377 nerto
772 1316 949 1394 intellegere
981 1318 1041 1377 iam
1074 1337 1134 1377 non
1166 1319 1264 1394 lineat,

135 1424 237 1480 utrum
261 1419 393 1481 eiusdem
409 1420 529 1498 generis
546 1419 726 1480 continuerit
741 1438 839 1480 rerum
857 1421 1121 1499 enumerationem,
1144 1422 1261 1498 qualem

134 1523 230 1600 priori
251 1523 331 1598 perti
352 1523 452 1583 inesse
473 1521 610 1599 vidimus,
633 1541 671 1581 an
687 1521 773 1580 aliam
791 1522 940 1599 quandam
956 1541 1054 1582 rerum
1072 1525 1264 1602 notationem,

135 1624 298 1684 admodum
323 1623 483 1684 dolendum
508 1626 561 1683 est.
604 1625 711 1701 Neque
736 1625 792 1682 hoe
809 1624 876 1684 loeo
892 1625 1077 1702 probandam
1093 1643 1158 1686 esse
1174 1627 1263 1688 Nerv-

134 1729 216 1787 tonis
240 1727 475 1788 emendationem
500 1727 571 1786 mihi
592 1745 768 1802 persuasum
793 1731 845 1786 est.
889 1727 1001 1787 Prioris
1024 1745 1129 1788 versus
1152 1729 1194 1788 nil
1216 1748 1264 1789 su·

133 1835 239 1909 perest
261 1831 317 1890 nisi
344 1830 436 1890 haee:
467 1874 491 1907 ‚,.
510 1875 515 1887 .
534 1875 541 1889 .
558 1846 596 1899 ας
617 1834 690 1901 τοῖς
711 1823 836 1902 θεοῑςίί.
888 1831 972 1904 Quae
1002 1832 1096 1891 verba
1125 1832 1263 1911 Newton,

134 1952 317 2011 quamquam
342 1932 508 2010 ambiguam
542 1950 609 1992 esse
633 1950 715 1991 suam
739 1933 978 1992 emendationem
1009 1935 1072 2011 ipse
1096 1934 1263 2013 confitetur,

133 2036 269 2113 pendere
288 2041 380 2112 putat
402 2055 419 2094 a
441 2053 516 2095 voee
540 2027 805 2111 stadonense.
828 2041 984 2113 ,‚auotorss
1015 2038 1137 2096 secundi
1167 2032 1262 2098 sunt“.

134 2139 233 2212 Quam
256 2139 314 2198 viri
340 2138 419 2198 doeti
448 2138 619 2214 opinionem
647 2139 832 2215 probabilem
864 2157 923 2200 non
947 2146 1012 2200 esse
1036 2158 1074 2199 ex
1096 2158 1131 2200 eo
1155 2141 1263 2218 elucet,

133 2242 215 2318 quod
248 2242 305 2310 iam
337 2242 421 2301 initio
456 2243 547 2302 totius
583 2241 800 2317 inscriptionis,
832 2241 858 2301 A
883 2247 1038 2320 vsisqq.
1070 2243 1262 2304 nominantur

131 2340 361 2423 βεβαιωτῆρες,
391 2343 409 2403 i.
426 2363 449 2402 e.
473 2345 530 2420 ipsi
554 2343 601 2402 dei
624 2362 788 2421 eorumque
810 2338 993 2416 νεαποίαι;
1022 2364 1121 2422 neque
1151 2345 1188 2405 ad
1213 2346 1262 2406 de-

133 2447 358 2506 monstrandam
383 2447 561 2506 sententiam
585 2465 623 2506 ne
646 2464 739 2505 unum
760 2446 880 2523 quidem
897 2447 1017 2506 titulum
1033 2448 1139 2506 afferre
1155 2449 1260 2525 potuit,

131 2567 194 2625 quo
217 2552 357 2608 auctores
387 2548 535 2627 seeundos
558 2566 617 2607 non
642 2565 703 2607 una
726 2567 791 2608 enm
816 2553 968 2626 emptore,
997 2569 1086 2626 quem
1110 2550 1261 2623 adiuvant,

87 2698 89 2703 .
131 2655 336 2728 enumeratos,
358 2651 411 2711 sed
435 2652 611 2710 ooniunetos
635 2650 746 2710 ultimis
768 2652 847 2711 tituli
871 2637 1008 2711 versibus
1024 2653 1177 2728 appositos
1194 2670 1260 2712 esse

132 2754 321 2814 denotemur.
365 2755 439 2814 Item
463 2752 573 2831 neseio,
597 2773 656 2831 qua
679 2754 795 2814 ratione
818 2772 884 2814 enm
901 2773 976 2814 voce
998 2747 1174 2828 ἐβεβαίουν
1191 2774 1260 2816 eon·

131 2857 217 2932 iungi
247 2857 343 2934 possit
372 2857 482 2916 usitata
511 2858 663 2917 seeundee
696 2858 790 2933 partis
826 2856 969 2917 formula:
999 2875 1024 2917 ο.
1044 2876 1088 2933 gr.
1108 2859 1132 2917 B
1156 2877 1183 2918 v.
1206 2861 1261 2928 942
1330 2889 1338 2908 ·

131 2943 310 3037 ,ξὙοοανλος
329 2940 532 3038 Ἆρδ[νβ]ε’ρο
551 2935 713 3044 ΥΣίίηνόν
737 2942 999 3037 Άθηναγόρεαίίε
1031 2961 1167 3036 sequitur
1194 2979 1261 3036 pre-

130 3065 214 3122 tium.
258 3063 349 3120 Reete
373 3066 472 3121 autem
496 3060 566 3120 mihi
582 3061 790 3122 Haussoullier
811 3051 1009 3139 ,,ἐπρίαντο“
1032 3063 1195 3123 restituisse
1218 3065 1260 3123 vi-

131 3165 234 3234 detur;
257 3183 356 3240 neque
380 3164 501 3241 dubito,
531 3165 602 3240 quin
626 3166 692 3237 B,1
716 3164 825 3224 laouna
848 3182 914 3224 eum
938 3182 973 3224 eo
1002 3165 1113 3242 optime
1144 3167 1259 3243 expleri

130 3267 225 3344 possit
255 3266 336 3326 hisee
367 3268 481 3326 verbis:
514 3258 606 3346 [otiis
643 3258 803 3345 ἐπρίαντο
833 3253 914 3336 τούς
945 3251 1158 3348 (innitendum
1187 3274 1259 3340 τοῖς

131 3369 236 3438 θεοῖς.
288 3368 419 3428 Verbum
442 3360 604 3448 ἐπρίαντο
635 3371 744 3429 iamin
773 3373 859 3447 parte
882 3370 910 3428 A
938 3371 1105 3430 ooeurrisse
1135 3371 1258 3449 seimus3

130 3488 235 3548 quare,
258 3472 284 3530 si
306 3471 467 3548 probamus
491 3473 693 3532 eonieeturam
717 3473 773 3532 viri
798 3472 879 3532 doeti
894 3472 1009 3544 Gallici,
1033 3476 1161 3549 utraque
1181 3474 1259 3533 tituli

130 3592 203 3650 pars
234 3575 346 3651 optime
367 3575 445 3634 inter
468 3593 500 3634 se
524 3576 671 3634 convenit.
716 3577 819 3634 Restat
842 3579 875 3636 ut
898 3594 930 3634 re
953 3576 1026 3653 ipsa,
1050 3577 1086 3634 de
1109 3593 1170 3652 qua
1194 3577 1256 3652 agi·

130 3683 189 3748 tur,
212 3676 399 3753 comprobari
422 3695 509 3753 posse
526 3677 746 3738 Haussoullerii
769 3678 996 3754 explicationem
1013 3677 1257 3750 demonstremus.
1339 3746 1343 3757 ¹

129 3779 165 3838 In
189 3781 318 3855 utraque
342 3779 417 3837 tituli
440 3783 527 3855 parte
549 3797 647 3839 sermo
671 3783 716 3839 est
739 3779 775 3838 de
798 3778 963 3839 vendendis
986 3780 1090 3853 rebus,
1113 3780 1195 3855 quod
1219 3799 1257 3840 ex

130 3899 165 3940 eo
189 3882 317 3940 maxime
341 3885 484 3959 apparet,
515 3882 597 3958 quod
616 3883 754 3943 eandem
785 3882 942 3943 formulam
965 3883 996 3941 in
1020 3883 1148 3942 alterius·
1167 3887 1257 3960 atque

130 3983 241 4060 prioris
257 3985 350 4061 partis
362 3985 497 4045 articulis
514 3985 648 4044 adhiberi
666 3985 800 4046 videmus
812 4005 836 4045 e.
848 4005 875 4063 g.
889 3988 923 4063 A,
938 3989 989 4047 19:
1005 3970 1257 4065 Παραύοοοοίος

129 4075 355 4167 Παννάσοιο[ς
377 4079 447 4166 polin
470 4079 506 4146 ἐν
525 4073 680 4148 Ουάοοῶι
701 4074 764 4168 τὴν
781 4072 965 4167 Άρλιώμοο
984 4084 1049 4147 τοῦ
1070 4078 1256 4168 Πύργωνος

131 4186 202 4248 κτλ.
227 4196 258 4250 et
280 4192 313 4268 B,
327 4194 401 4251 112:
426 4185 635 4270 Χαιρέδημος
654 4175 857 4272 Ἆρχαγόρεοο
877 4182 989 4252 Mieza
1011 4182 1160 4266 Κβοίδεον
1182 4191 1255 4252 κτλ.

130 4292 264 4352 Primum
288 4294 413 4369 legimns
437 4296 579 4371 emptoris
602 4313 719 4372 nomen,
743 4307 814 4355 casn
831 4297 1015 4357 nominativo
1031 4297 1170 4375 positum,
1192 4300 1255 4356 tum
