3062 4962
298 346 337 428 υ

282 474 375 572 ¹inter
404 529 510 570 manus
540 529 650 586 magna
678 509 870 586 praediorum
899 528 972 587 pars
1003 511 1195 581 retinebatur,
1226 508 1386 586 scriptores
1395 507 1418 583 1)

297 632 476 691 quamquam
508 612 599 672 verba
630 612 761 690 faciunt,
791 612 908 672 minime
938 616 1037 671 tamen
1065 621 1103 672 'ex
1131 631 1168 672 co
1189 612 1288 689 colligi
1311 615 1419 689 potest,

297 715 436 776 habuisse
458 715 524 774 illas
547 715 636 774 etiam
658 714 829 774 facultatem
852 715 971 791 publice
994 716 1058 774 sine
1080 708 1188 792 κυρίῳ
1209 714 1327 791 agendi.

383 821 423 878 At
445 819 539 877 titulis
563 817 713 877 nonnullis
735 818 879 894 inscripta
901 817 1037 878 videmus
1060 819 1214 876 semlai-nm
1230 818 1349 877 nomina
1364 834 1419 876 suo

295 923 360 982 iure
383 921 536 980 utentium.
588 918 729 997 Plerique
752 921 816 980 eins
839 921 958 995 generis
979 919 1056 978 tituli
1079 919 1233 979 decretum
1264 919 1420 980 continent

299 1023 537 1084 manumissionis
559 1039 723 1097 servorum,
746 1040 873 1098 qnorum
898 1022 1032 1082 liberatio
1056 1040 1092 1082 eo
1114 1021 1155 1094 fit,
1179 1025 1212 1081 ut
1226 1021 1420 1081 venditentur

300 1127 356 1187 deo
380 1125 521 1203 Apollini.
565 1125 627 1184 Viri
658 1124 738 1184 docti
767 1125 818 1183 alii
840 1125 928 1184 aliter
951 1122 1161 1201 explicandam
1183 1142 1249 1185 esse
1271 1142 1335 1184 rem
1358 1124 1419 1199 opi·

297 1231 360 1290 nati
376 1233 454 1289 sunt.
498 1229 641 1298 Ferret,
664 1227 803 1304 quoniam
821 1244 924 1286 omnes
939 1228 1019 1287 tituli
1041 1227 1100 1287 hnc
1121 1225 1272 1288 referendi
1293 1227 1420 1302 Delphis

297 1332 424 1411 reperti,
453 1331 562 1408 partim
586 1331 751 1406 Delphicae
774 1330 896 1406 originis
918 1330 1026 1407 partim
1049 1329 1086 1389 ab
1109 1330 1168 1402 eis,
1195 1329 1246 1406 qui
1276 1331 1420 1389 venerant

297 1455 335 1496 ex
358 1435 468 1495 doricis
497 1437 550 1493 aut
579 1432 700 1493 aeolicis
727 1433 900 1508 regionibns
923 1433 1037 1493 exarati
1059 1436 1143 1504 sunt,
1166 1432 1247 1509 apud
1271 1433 1368 1492 Dores
1389 1434 1419 1490 et

297 1539 406 1599 Aeoles
440 1555 504 1597 eam
540 1537 635 1612 legem
670 1553 729 1595 non
763 1534 894 1595 valuisse
926 1531 1062 1610 putate,
1101 1553 1189 1612 qnam
1230 1535 1309 1593 inter
1343 1533 1418 1592 alios

299 1642 431 1702 Graecos
454 1640 546 1699 fnisse
569 1638 714 1714 vidimus,
741 1656 778 1698 ne
800 1656 857 1714 pro
880 1656 912 1697 se
934 1638 999 1714 ipsa
1027 1638 1196 1714 pactionem
1217 1637 1295 1695 inire
1317 1639 1419 1712 posset

297 1745 416 1805 femina.
465 1741 523 1803 Sed
546 1742 570 1801 si
593 1740 721 1801 Perrotii
751 1741 900 1800 sententia
929 1759 990 1800 non
1021 1739 1148 1800 firmiore
1179 1739 1284 1800 nititur
1313 1737 1418 1798 funda·

297 1853 413 1917 mento,
445 1862 505 1904 non
529 1847 599 1920 apta
622 1847 683 1920 cst,
710 1862 771 1920 qna
793 1844 931 1902 omnibns
953 1842 1180 1920 persuadeatur.
1223 1843 1319 1902 Nemo
1342 1841 1418 1900 enim

300 1949 458 2024 dubitabit,
480 1948 552 2023 quin
577 1965 680 2007 omnes
702 1947 759 2006 hae
781 1947 937 2023 pactiones
959 1947 1003 2006 eis
1025 1943 1348 2028 legibnsrespondere
1370 1942 1418 2001 de-

298 2051 431 2126 buerint,
461 2067 539 2126 qnae
568 2049 694 2125 Delphis
724 2049 875 2126 valebant,
906 2067 1004 2126 neque
1037 2048 1198 2109 habeamus
1228 2047 1287 2108 alia
1316 2046 1346 2104 in
1373 2045 1419 2104 his

296 2153 390 2213 titulis
418 2153 553 2212 instituta
583 2153 640 2212 nisi
670 2152 825 2227 Delphica.
874 2151 932 2225 Qui
964 2151 1176 2212 manumittunt
1204 2147 1325 2211 oriundi
1351 2149 1421 2207 sunt

297 2255 474 2332 Amphissa,
504 2274 540 2314 cx
571 2254 714 2331 Locride,
748 2255 878 2332 Doride,
915 2254 1063 2326 Phocide,
1096 2255 1221 2315 Aetolia.
1253 2287 1294 2296 -
1323 2251 1420 2312 Aliter

296 2353 491 2441 Fcucart³i
512 2375 574 2416 rem
590 2357 732 2433 expedire
748 2355 858 2417 studet.
901 2358 988 2417 Hanc
1010 2355 1191 2417 venditionis
1213 2355 1359 2416 rationem
1382 2354 1419 2412 ab

297 2460 408 2520 usitata
422 2461 539 2520 ratione
556 2451 776 2535 discrepantem
791 2477 896 2519 sacrae
911 2459 1066 2520 cuiusdam
1082 2459 1280 2520 dedicationis
1294 2456 1419 2517 formam

297 2581 362 2623 csse
378 2565 472 2640 putet.
517 2562 713 2623 Gaillemer
736 2562 854 2638 quidem
879 2563 1028 2640 opinatur,
1050 2562 1176 2622 feminas
1199 2561 1287 2621 etiam
1309 2561 1340 2619 in
1363 2560 1420 2618 hoc

299 2665 458 2742 emptionis
492 2664 672 2724 venditionis
705 2682 817 2740 genere
850 2665 994 2725 obnoxias
1031 2663 1123 2724 fnisse
1155 2663 1284 2740 legibus,
1323 2680 1420 2739 neque

296 2766 459 2845 quidquam
493 2765 654 2842 impedire,
687 2767 846 2844 quominus
878 2767 920 2826 ita
952 2783 1015 2826 rem
1045 2783 1238 2842 exponamus.
1288 2765 1420 2824 Primum

298 2869 389 2931 fuisse
420 2870 498 2929 hanc
530 2868 725 2929 dedicationis
754 2866 878 2928 formam
913 2886 1016 2928 veram
1052 2869 1209 2946 emptionis
1239 2866 1420 2927 venditionis

295 2973 473 3050 pactionem.
503 2963 563 3031 Sed
581 2990 618 3031 cx
633 2971 706 3049 ipsis
722 2969 865 3046 delphicis
879 2971 975 3031 titulis
984 2967 1009 3044 ί)
1024 2971 1211 3032 'Phalheim
1228 2969 1420 3039 demonstrat

301 3075 441 3134 mulieres
468 3079 537 3152 post
566 3075 687 3151 nuptias
716 3074 763 3133 ius
793 3072 932 3133 habuisse
960 3074 1160 3150 possessionis
1186 3091 1288 3132 earum
1311 3089 1420 3144 rernm,

298 3194 376 3252 quae
400 3180 489 3236 antea
511 3194 614 3236 earum
637 3177 667 3236 in
691 3165 829 3235 manibus
852 3175 986 3247 inerant3
1010 3176 1130 3254 quade
1153 3193 1244 3234 causa
1266 3174 1419 3234 mulierem

297 3276 391 3355 ipsam
415 3277 572 3338 vendere
594 3279 727 3354 potuisse
751 3296 819 3338 suas
842 3295 891 3338 res
913 3277 1062 3355 probavit.
1105 3275 1164 3338 Sed
1186 3275 1340 3337 mulierem
1356 3275 1420 3334 sine

298 3375 406 3460 κυρίῳ
429 3398 545 3441 emere
568 3399 628 3440 non
651 3381 793 3458 potuisse,
815 3398 903 3440 nemo
919 3378 1048 3456 negabit.
1081 3377 1225 3458 ‘Mulier
1246 3395 1331 3438 suam
1352 3393 1419 3454 pos·

239 3528 243 3538 .
298 3484 462 3544 sessionem
478 3483 565 3542 alteri
588 3482 734 3560 tradebat,
756 3501 817 3542 non
840 3482 895 3559 vir,
917 3481 968 3558 qni
992 3481 1096 3560 solum,
1122 3499 1197 3558 quas
1218 3481 1301 3556 leges
1323 3479 1418 3556 exige-

299 3586 374 3646 bant
395 3584 539 3646 formnlas
568 3583 780 3662 publicamque
809 3585 977 3662 pactionem
1001 3580 1148 3644 conficere
1172 3581 1308 3642 debebat.
1352 3581 1419 3642 Sae-

297 3687 420 3765 pissime
436 3689 534 3747 antem
551 3685 670 3746 additos
684 3685 854 3745 invenimus
874 3678 1023 3763 κυρίους,
1045 3679 1274 3762 βεβαιωτῆρας
1295 3700 1420 3758 semper,

298 3808 373 3866 quos
402 3789 580 3867 plerumque
611 3807 647 3848 cx
678 3788 880 3865 proximorum
911 3791 1108 3864 cognatorum
1139 3803 1264 3848 numero
1286 3787 1419 3862 sumptos

295 3910 361 3952 esse
383 3891 476 3952 titulis
498 3891 654 3968 probatur.

381 4056 403 4119 ¹)
420 4051 566 4108 Aristot.
590 4051 815 4121 Polit.11,o,10.
843 4052 932 4107 Plut.
950 4049 1024 4120 Agis
1039 4055 1063 4104 7.
1081 4056 1083 4060 ’

379 4139 403 4204 ²)
420 4138 491 4193 Rev.
515 4138 576 4193 crit.
588 4136 630 4191 IV
654 4141 748 4202 (leet)
771 4154 800 4205 p.
813 4141 846 4192 36
859 4151 933 4206 sqq,
960 4150 1043 4204 quem
1072 4133 1176 4192 librum
1200 4133 1340 4202 inspicere
1363 4146 1419 4186 non

294 4223 388 4292 potui,
407 4222 459 4278 sed
475 4221 594 4278 Perrotii
613 4222 775 4292 opinionem
793 4222 875 4278 affert
893 4221 1039 4276 Oaillemer
1056 4221 1075 4274 l.
1087 4235 1111 4274 c.

379 4309 402 4374 8)
419 4308 437 4362 l.
449 4323 472 4362 c.
491 4324 519 4377 p.
537 4311 658 4376 379sqq.
745 4309 769 4375 ί)
786 4305 922 4362 Wescher
939 4310 968 4361 et
985 4305 1108 4360 Foncart
1123 4319 1169 4358 no.
1181 4307 1222 4373 31,
1241 4307 1282 4372 92,
1301 4307 1343 4372 90,
1361 4305 1419 4358 alr.
