3062 4962
296 330 337 388 42

298 495 422 558 deorum
446 497 513 558 loco
536 497 704 576 pactionem
720 495 833 574 ineunt,
855 483 1160 575 συμβεβαιωτήρων
1175 513 1283 556 munus
1299 496 1429 570 obeunt,

298 600 446 660 hocloco
476 618 580 660 vocem
611 619 671 659 non
699 600 788 676 plane
819 599 943 660 eandem
967 600 1025 658 vim
1048 597 1161 659 hebere
1183 599 1345 659 verisimile
1368 601 1428 670 est,

298 721 388 779 quem
410 703 440 762 in
456 703 613 780 Delphicis
635 701 729 762 titulis
752 719 816 762 eam
839 701 979 762 habuisse
1001 718 1095 778 snpra
1115 701 1351 763 demonstratum
1368 705 1428 761 est.

220 861 225 874 ,
298 805 345 865 Ita
365 805 442 866 forte
465 823 567 865 vocem
592 804 723 882 explices
744 804 775 865 in
798 804 884 865 titulo
900 804 1167 880 Halicarnassensi,
1189 808 1223 864 ut
1242 804 1291 864 dei
1305 821 1427 864 eorum-

299 925 357 984 que
379 906 579 968 fideiiussores
601 925 634 967 se
657 905 885 968 condicionibus
915 906 1062 983 pectionis
1092 908 1223 966 staturos
1257 923 1322 966 esse
1353 923 1427 983 pro·

298 1010 422 1071 mittant.

342 1130 344 1134 ·
384 1110 475 1189 Apud
498 1112 850 1188 Amphipolitanos
872 1105 1101 1189 βεβαιωτῆρας
1125 1110 1211 1172 datos
1235 1127 1301 1170 esse
1315 1110 1428 1171 titulus

299 1216 424 1275 Hermes
439 1215 478 1290 Il,
495 1218 554 1274 171
579 1213 675 1274 docet

385 1319 635 1394 Mylasenses
672 1334 793 1392 quoque
834 1316 990 1392 emptionis
1030 1315 1211 1376 venditionis
1250 1318 1428 1375 contractus

243 1411 246 1416 ’
298 1420 363 1481 sine
378 1418 510 1480 bebaiosi
527 1438 586 1478 non
602 1417 702 1478 iniisse
718 1437 755 1478 ex
771 1418 865 1478 titulis
882 1418 960 1478 Bull.
976 1418 1013 1478 de
1025 1436 1100 1478 conr.
1113 1417 1182 1478 hell.
1192 1417 1227 1489 V,
1244 1436 1272 1494 p.
1284 1421 1347 1479 108
1357 1436 1427 1494 sqq.

299 1523 324 1583 Δ
347 1527 377 1583 et
397 1524 422 1583 B
445 1524 579 1599 apparet.
624 1521 659 1598 Α,
678 1525 732 1582 12:
754 1504 950 1600 calamonis
974 1509 1101 1601 διδούς;
1132 1523 1164 1592 Β,
1181 1524 1216 1581 5:
1239 1507 1427 1594 βεβαιωτὰς

300 1613 422 1694 διδούς.

384 1735 447 1804 IV.
478 1732 752 1822 Συμπρατήρ.

301 1841 522 1926 ουμπρατῆρα
552 1845 630 1905 idem
662 1847 763 1906 velere
793 1850 884 1924 atque
910 1840 1132 1925 βεβαιωτῆρα,
1160 1845 1316 1906 Oaillemer
1338 1843 1372 1918 (l.
1389 1845 1426 1911 c.)

300 1950 532 2026 demonstravit3
563 1967 641 2026 quse
669 1949 760 2025 igitur
791 1949 828 2009 de
858 1950 914 2010 hoc
946 1949 1089 2021 diximus,
1119 1949 1158 2008 sd
1188 1949 1271 2009 illum
1301 1965 1427 2024 quoque

300 2051 461 2113 referenda
484 2054 562 2110 sunt
610 2052 656 2111 De

387 2164 428 2232 V.
458 2171 682 2231 Iasensium

303 2291 358 2334 usn
382 2291 419 2332 ex
441 2273 527 2333 tilulo
550 2273 628 2333 Bull.
650 2273 688 2333 de
711 2291 786 2333 corr.
803 2272 872 2334 hell.
888 2273 922 2350 V,
945 2291 973 2348 p.
989 2275 1051 2334 492
1062 2291 1128 2350 sqq.
1152 2273 1302 2333 docemur.
1347 2276 1427 2334 Ven-

271 2455 275 2464 .
303 2376 382 2436 ditor
412 2376 532 2435 exhibet
560 2365 781 2454 μνήμονας
806 2395 834 2436 v.
851 2380 903 2438 32:
935 2361 1113 2454 (μνήμονες
1135 2361 1427 2456 ουνε[πώλησαν]),

302 2495 379 2556 ques
400 2479 529 2557 praedes
551 2479 701 2538 Hauvetle
725 2478 744 2537 l.
760 2497 783 2537 e.
815 2483 896 2538 recte
926 2497 992 2538 cum
1016 2479 1059 2540 ein
1083 2497 1273 2557 comparasse
1296 2477 1427 2556 videtur,

303 2582 411 2658 quibus
441 2599 548 2641 nomen
579 2585 625 2642 est
654 2578 873 2661 βεβαιωτῆρες
897 2586 926 2642 et
948 2577 1187 2662 ουμπρατῆρες.
1240 2584 1323 2658 Item,
1346 2600 1426 2659 quae

303 2683 395 2743 verba
417 2683 489 2743 fecit
511 2683 549 2744 de
573 2702 675 2743 corum
698 2688 815 2762 nutura,
838 2685 889 2761 qui
912 2684 1052 2744 dicuntur
1074 2670 1313 2762 γνώμονες,
1336 2684 1427 2761 plane

304 2784 526 2864 comprobanda
549 2785 700 2865 existimo;
731 2805 796 2846 esse
826 2776 1002 2865 γνώμονας
1029 2806 1065 2847 ex
1093 2788 1260 2847 Atticarum
1292 2785 1427 2863 legnm¹l

304 2889 442 2966 analogio
464 2877 661 2949 intexentes)
683 2888 834 2967 quoddam
863 2907 973 2965 genus,
1002 2907 1113 2967 eosque
1141 2889 1171 2948 id
1195 2890 1365 2968 curavisse,
1395 2894 1428 2949 ut

304 2992 372 3053 tulis
403 2996 481 3052 esset
509 3009 558 3052 res
587 2992 762 3069 vendenda,
793 2991 891 3069 qualis
923 2991 1040 3069 legibus
1078 2992 1289 3070 postularetur.
1347 2991 1426 3053 Illud

305 3113 426 3172 quoquc
441 3094 522 3171 quod
538 3094 684 3170 opinatur,
704 3089 856 3168 ςπαῑδεῷ
875 3113 935 3154 non
953 3112 1017 3155 esse
1036 3092 1181 3168 „liberos“
1200 3094 1254 3154 sed
1273 3093 1427 3168 ,servos“,

305 3215 340 3258 eo
362 3196 483 3274 probari
505 3202 587 3274 puto,
611 3198 691 3274 qnod
715 3216 774 3258 non
798 3195 1117 3275 apponuntur‘eorum
1140 3197 1268 3258 nomine.

389 3311 450 3378 VI.
478 3313 1244 3397 Συνεπαινοῦντες,ουμπωλοῦντες,
1267 3327 1427 3396 συγχω-

508 3415 690 3497 ροῦντες

304 3523 380 3583 tituli
403 3521 498 3593 Tenii,
521 3520 552 3581 d.
567 3522 589 3580 I.
606 3521 639 3582 G.
656 3526 747 3585 2338.
796 3523 928 3598 Legibus
958 3540 1009 3583 eos
1038 3523 1205 3600 postulatos
1237 3539 1296 3583 nou
1326 3521 1427 3600 fnisse,

305 3643 395 3686 voces
417 3625 499 3701 ipsae
522 3627 705 3703 monstrant;
729 3625 822 3702 siquis
838 3626 868 3684 in
884 3643 916 3684 re
932 3624 1093 3686 vendende
1107 3625 1224 3702 aliquid
1239 3626 1314 3686 iuris
1329 3625 1428 3702 hebet,

306 3725 512 3808 dependisti),
543 3735 766 3802 ουνεπαινεῑν,
800 3733 994 3807 συγχωρεῖν,
1024 3728 1043 3788 i.
1059 3747 1083 3788 e.
1120 3727 1296 3788 confirmare
1331 3727 1427 3804 debet,

305 3829 369 3890 fieri
392 3830 595 3890 venditionem
618 3849 672 3890 suo
696 3848 853 3891 censensu.
897 3831 1005 3906 Neque
1027 3829 1112 3890 aliter
1135 3849 1181 3891 me
1195 3829 1295 3890 iudice
1311 3831 1426 3890 intelle·

306 3931 396 4009 gendi
426 3938 498 3992 sunt
526 3935 553 3992 ei
582 3933 611 3991 in
642 3933 737 3993 titulis
766 3933 937 4011 Delphicis,
967 3933 1018 4010 qni
1049 3933 1191 3994 dicuntur
1221 3943 1426 3992 συνεπαι-

306 4032 505 4110 νοῦντας,
529 4030 901 4106 συνευδοκοῦντος
923 4033 1165 4110 (Peccantis).

393 4305 416 4370 ¹)
432 4302 595 4370 Harpocmt.
630 4302 674 4356 Et.
687 4301 778 4374 Magn.
792 4317 814 4356 s.
826 4318 854 4358 v.
