3062 4962
1205 299 1244 360 33

119 454 204 520 νιστὶ
232 459 296 521 τῶι
322 458 440 541 βωμωι
466 457 522 522 καὶ
553 447 650 522 αάτᾶι
680 449 796 543 ἁμέραι
822 457 936 524 ἐναντὶ
957 462 1030 526 τῶν
1051 459 1167 547 ἱερέων
1189 463 1244 526 καὶ

119 559 194 642 wip
214 555 219 642 Ι
238 549 445 644 praeproperat
491 565 637 639 Quoniam
661 564 922 642 legimusvs.17:
954 556 1032 640 ,,τδν
1062 558 1246 647 νόμιμον

120 649 254 744 ὅρκσνίί,
284 687 345 729 non
374 687 474 727 rarum
504 667 596 728 fuisse
625 669 829 729 iusiurandum
859 671 889 730 iu
920 671 1149 732 manumissione
1185 691 1245 733 ser·

121 787 231 830 rorum
255 770 416 831 verisimile
440 776 498 843 est,
529 790 709 849 quamquam
737 791 783 832 me
807 773 880 832 alios
901 773 1005 835 titulos
1028 774 1106 834 hane
1128 780 1246 836 senten·
1329 830 1334 841 .

119 872 192 931 tiam
216 874 446 950 comprobantes
469 892 529 934 non
552 875 704 934 invenisse
729 873 879 935 confiteor.
943 956 946 958 q

208 977 236 1035 2.
266 976 406 1051 Ignotum
436 995 496 1036 non
524 975 617 1036 fuisso
645 995 743 1054 neque
775 978 948 1038 inusitatum
977 978 1185 1040 iusiurandum
1214 980 1245 1040 in

120 1096 278 1138 servorum
316 1079 547 1139 manumissione
585 1081 641 1140 sub
673 1080 832 1156 emptionis
863 1080 1043 1142 venditionis
1074 1082 1184 1159 forma,
1217 1085 1245 1144 oi

121 1199 243 1258 quoque
273 1181 351 1241 tituli
383 1182 604 1259 demonstrant,
636 1199 712 1258 quos
734 1183 953 1243 Tithoroae
981 1188 1118 1262 repertos
1142 1185 1245 1246 Ulrioh

121 1282 215 1343 edidit
226 1280 258 1360 ¹),
289 1302 470 1362 quamquam
501 1283 695 1344 iurisiurandi
718 1285 872 1344 ouiusdam
895 1285 1074 1350 mentionem
1097 1305 1157 1346 non
1180 1287 1244 1348 fieri

120 1385 234 1464 apertis
256 1387 358 1446 verbis
381 1385 552 1462 negandum
580 1405 641 1447 non
665 1390 717 1446 est.
762 1383 821 1447 Sed
852 1405 930 1464 quae
957 1388 1061 1448 Ulrioh
1089 1389 1154 1465 ipse
1175 1408 1243 1466 pro-

119 1487 193 1548 fert:
219 1487 291 1564 „der
307 1488 471 1549 Ausdruoh
491 1485 611 1568 χρῆσαι
633 1478 697 1548 τάν
717 1482 799 1568 χέρα
821 1490 852 1549 in
875 1491 973 1551 hund
989 1494 1008 1552 5
1024 1491 1141 1552 soheint
1156 1492 1244 1553 einou

119 1591 299 1652 feierliehen
314 1591 510 1670 Handsohiag
533 1611 571 1653 nu
593 1585 770 1670 bedenten“‚
792 1591 865 1653 satis
886 1593 1054 1670 probabilia
1076 1612 1140 1654 esse
1162 1598 1245 1672 puto,

120 1713 220 1770 neque
243 1693 362 1772 dubito,
389 1696 460 1772 quin
484 1696 555 1754 huio
578 1695 786 1755 caeremoniae
817 1695 920 1756 eadem
950 1693 1041 1756 fuerit
1063 1696 1124 1772 vis,
1154 1714 1243 1773 quam

118 1797 150 1855 in
172 1797 321 1875 Delphico
343 1797 395 1857 illo
419 1798 617 1858 instrumento
641 1781 746 1873 ὅρκον
768 1797 906 1858 habuisse
928 1798 1066 1866 vidimus.
1087 1811 1092 1863 ἶ

206 1905 234 1962 3.
261 1900 542 1961 Halicarnassi
572 1918 694 1978 quoque
724 1899 790 1961 sine
819 1900 909 1960 dubio
941 1904 1044 1961 notum
1067 1905 1133 1961 erat
1154 1901 1244 1961 iusiu-

119 2003 248 2062 randum
289 2003 327 2063 ad
365 2002 581 2080 perficiendum
624 2007 817 2064 eontraotnm.
875 2003 993 2081 Titum,
1030 2023 1118 2081 quem
1152 2003 1246 2064 edidit

119 2107 250 2166 Newton
282 2106 404 2182 (Essays
427 2126 456 2183 p.
471 2109 533 2168 433
547 2103 625 2183 sqq.)
656 2106 694 2166 de
723 2125 759 2166 ea
786 2125 818 2166 re
846 2107 921 2166 haee
944 2107 1046 2166 insunt
1076 2109 1244 2184 rs.5sqq.:

119 2203 360 2287 ,,συμβεβαισῦν
400 2197 481 2280 τοὺς
517 2202 684 2278 νεωιισίας
721 2201 778 2267 καὶ
817 2199 1124 2288 ἐξορκίζεσθαι
1156 2195 1243 2267 κατὰ

119 2307 244 2370 ταῦταιι
267 2309 337 2370 κτλ.
383 2316 548 2370 νεωτισῖαι
567 2312 691 2372 deorum
706 2313 737 2371 in
752 2312 856 2388 primis
871 2312 1009 2372 versibus
1024 2312 1242 2373 nominatorum

119 2415 202 2474 vioes
220 2414 341 2492 obeunt,
356 2433 416 2491 qua
431 2415 469 2474 de
484 2433 517 2474 re
541 2413 619 2473 infra
642 2433 671 2490 p.
687 2414 765 2475 40ff.
789 2431 886 2475 sermo
910 2415 975 2475 erit.
1018 2415 1160 2476 Fortasse
1176 2416 1243 2493 quis

120 2536 158 2578 ex
180 2518 240 2576 hoo
262 2518 348 2578 titulo
372 2518 501 2595 colligat,
524 2516 710 2576 venditorem
734 2517 828 2576 solum
852 2499 958 2595 ὅρκον
976 2517 1161 2595 praebuisse,
1183 2535 1242 2594 quo

119 2619 322 2698 confirmabas,
344 2637 375 2680 se
398 2623 583 2680 eontraotnm
605 2618 680 2679 inire
705 2602 842 2692 ἀδόλως,
864 2648 907 2660 -
930 2620 1026 2680 altera
1047 2637 1119 2698 pars
1143 2624 1242 2680 autem

119 2723 203 2802 quod
224 2725 340 2784 iurasse
363 2742 423 2784 non
446 2722 574 2800 videtur,
597 2727 677 2782 eerte
700 2721 868 2782 mirandum
891 2726 944 2782 est
1342 2777 1367 2822 s
1432 2796 1437 2805 Ι
1479 2720 1485 2746 *

206 2826 303 2885 Etiam
340 2827 371 2885 in
402 2824 632 2902 emphyteutiois
666 2823 855 2902 pactionibus
886 2843 946 2885 non
977 2759 1355 2910 deeranM

119 2947 181 3006 qua
204 2928 241 2988 de
264 2946 296 2989 re
319 2927 435 3005 siquis
458 2928 558 2988 dooeri
581 2928 663 3003 velit,
685 2927 786 2987 Euleri
805 2926 939 2988 libellum
955 2927 991 2988 do
1008 2927 1157 2990 looatior'..
1174 2959 1243 2990 ow
1280 2870 1439 3076 s

119 3031 260 3092 ductione
281 3033 345 3108 pb
368 3031 516 3108 inspiciat.
1053 3066 1080 3110 .·
1255 3074 1281 3112 w,
1489 3018 1490 3022 ’

208 3129 236 3205 ι)
347 3138 440 3204 τοῖς
464 3121 722 3212 γείτοσιντδ
745 3121 1013 3212 γιγνόμενον.
1048 3105 1344 3233 apuoThu-is
1407 3179 1409 3190 ,

119 3237 202 3296 rinos
223 3235 253 3294 in
276 3235 415 3312 pactione
437 3234 568 3296 ineunda
580 3234 706 3295 -vioinos
727 3237 829 3311 partes
853 3233 999 3311 quasdam
1023 3235 1119 3312 egisse
1142 3236 1243 3297 asolo

118 3337 331 3415 Theophrasto
354 3337 513 3414 doeemur;
536 3337 616 3413 quod
639 3337 808 3398 institutum
831 3355 897 3397 oum
919 3338 1011 3414 plane
1028 3337 1182 3413 singulare
1197 3338 1242 3412 sit

119 3443 150 3501 in
173 3438 267 3500 titulis
291 3439 332 3499 nil
354 3439 448 3498 simile
470 3439 598 3499 inveniri
621 3457 682 3499 non·
705 3439 810 3498 mirum
833 3443 887 3499 est
930 3437 1131 3516 Theophrasti
1151 3440 1243 3500 verba

120 3544 197 3602 haee
226 3546 311 3601 sunt:
342 3531 401 3614 „02
432 3533 467 3600 δὲ
500 3534 685 3619 Θουριωωὶ
803 3527 933 3599 διδόναι
1046 3530 1242 3600 κελεύουσιν

119 3639 249 3720 κοινῇ
269 3639 341 3701 τῶν
363 3632 527 3721 γειτόνων
548 3639 619 3701 τῶν
642 3630 814 3722 ἐγγυτάτω
830 3637 919 3722 τρισὶ
934 3627 1077 3722 νόμισμά
1091 3660 1125 3701 τι
1138 3632 1244 3721 βραχὺ

118 3735 368 3826 parviponderans
391 3740 447 3804 καὶ
468 3738 677 3825 μαρτυρίας“.
721 3746 802 3820 Quid
824 3746 879 3806 sibi
904 3747 995 3806 velint
1025 3745 1131 3818 vieini,
1161 3745 1242 3807 hisee
1341 3723 1346 3736 ¹

120 3851 283 3928 exponitur
306 3849 417 3909 verbis:
440 3831 642 3927 ,,άνιιγκσιϊσν
665 3837 825 3928 δηλονότι
928 3853 999 3918 τοῖς
1022 3839 1058 3906 δὲ
1079 3833 1159 3918 τούς
1179 3841 1243 3926 γεί-

119 3968 222 4022 τονας
252 3934 482 4026 (ὑπευθύνους
510 3950 645 4024 ποιεῖν),
677 3940 737 4010 ἐὰν
768 3935 812 4030 μὴ
845 3939 993 4024 λάβωσιν
1020 3935 1042 4029 ἢ
1073 3943 1124 4022 δὶς
1151 3939 1245 4030 παρά

120 4051 184 4115 τοῦ
214 4041 322 4114 αὐτοῦ
352 4039 499 4128 λάβωσιν
527 4040 547 4134 ἢ
577 4043 713 4134 ἔχοντες
734 4043 779 4135 μὴ
801 4047 922 4134 λέγωσι
943 4042 1006 4112 τδν
1027 4043 1244 4132 ἐωνημένσν“.

210 4273 230 4336 ¹)
250 4270 282 4326 N.
295 4269 335 4324 rh.
348 4269 418 4324 Mus.
431 4269 468 4338 11,
485 4288 512 4340 p.
526 4274 584 4337 544,
596 4274 612 4324 6
630 4269 714 4324 tituli.
