3062 4962
1195 342 1341 403 13.

198 504 298 565 Simile
321 503 393 582 quid
417 505 515 566 inesse
537 504 657 565 videtur
680 505 850 582 fragmento
873 505 954 566 edito
978 526 996 566 a
1018 507 1154 569 Frdhnor
1176 509 1194 566 l.
1210 527 1235 568 c.

110 610 169 668 No.
184 602 242 669 49‘1
266 625 308 666 vs.
324 611 357 668 4:
382 653 435 665 ...
459 601 516 665 καὶ
539 594 837 687 ἇναγραψαμένσυς
866 597 926 679 τὰς
948 603 1095 686 κυριείας
1117 593 1235 669 αὐτῶν

110 703 158 780 εἰς
180 699 260 780 τούς
282 699 386 779 θεοὺς
409 693 624 790 duodecim
647 756 701 768 ...
726 707 797 769 κτλ.
819 741 862 750 -

196 815 314 888 Leges
342 811 442 872 firmas
474 812 510 873 de
541 814 690 891 emptione
720 813 895 873 venditione
924 815 1075 874 exstitisse
1104 817 1135 874 in
1164 835 1236 876 non·
1262 845 1266 857 .

111 915 203 975 nullis
226 914 403 986 civitatibus,
426 933 463 974 ex
485 913 579 974 titulis
602 914 779 991 quibusdam
804 915 1003 976 demonstrari
1025 919 1134 991 potest.

197 1016 332 1093 Delphi
355 1016 430 1076 tales
453 1016 601 1076 habebant
623 1017 839 1089 institutiones,
870 1017 990 1094 quibus,
1021 1018 1170 1095 quomodo
1192 1020 1235 1078 in-

111 1118 283 1179 stituendae
313 1123 399 1178 erant
427 1119 585 1195 emptionis
613 1120 793 1180 venditionis
821 1121 976 1197 pactiones
1008 1124 1146 1180 accurate
1169 1140 1235 1199 per-

112 1221 258 1297 scriptum
282 1227 356 1280 erat.
407 1220 562 1280 Actionem
589 1206 639 1280 vel
666 1236 785 1280 cansam
808 1221 997 1280 indicendam
1021 1240 1087 1283 csse
1109 1223 1235 1299 legimus

113 1308 220 1396 ᾖκσιτόι
242 1311 315 1381 τὸν
337 1311 462 1400 νόμον
483 1319 544 1392 τᾶς
559 1312 679 1394 πόλιος
694 1320 765 1382 τῶν
779 1317 939 1399 deipsis?
957 1325 1007 1384 vsl
1025 1313 1129 1397 ,κατὰ
1142 1314 1236 1395 τούς

109 1415 318 1504 νόμους“.1)
362 1425 541 1503 Saepissime
563 1431 633 1503 post
654 1426 811 1486 formulam
845 1415 950 1499 ,aava
977 1416 1060 1498 τούς
1089 1411 1232 1505 νόμους“

111 1529 257 1588 habemus
283 1522 359 1601 ,xci
381 1516 467 1586 κατὰ
487 1515 528 1587 τὸ
552 1516 768 1604 σύμβολον“
792 1517 869 1602 (τάν
884 1518 1069 1607 obpacata,
1085 1517 1145 1601 τὰς
1160 1539 1237 1608 συμ-

111 1617 237 1708 βολάς),
258 1631 360 1709 idque,
389 1632 440 1690 ubi
467 1630 606 1691 venditor
628 1651 688 1692 non
713 1633 877 1710 Delphicae
901 1635 946 1690 est
969 1631 1101 1708 originis.
1145 1635 1236 1694 Recte

110 1735 243 1794 Foncart
270 1734 289 1792 1.
305 1751 329 1792 c.
357 1733 589 1811 demonstravit,
621 1734 698 1794 hanc
729 1722 936 1810 ,otrpetloioiu‘⁴
969 1735 1139 1811 pactionem
1170 1752 1236 1795 esse

110 1838 189 1896 inter
218 1837 362 1913 templum
386 1836 535 1912 Apollinis
565 1854 691 1913 eamque
713 1855 776 1895 rem
799 1837 961 1912 publicam,
986 1837 1072 1896 cuius
1094 1837 1169 1897 civis
1192 1843 1238 1898 est

110 1939 258 2023 venditor,
287 1957 375 2016 qnam
405 1940 583 1998 sententiam
614 1939 691 1999 tituli
708 1942 747 1999 47
776 1940 877 1998 verbis
906 1929 1009 2016 ,aurci
1038 1929 1100 1998 τὸν
1131 1928 1238 2018 νόμον

109 2037 183 2100 τῶν
212 2036 355 2115 Δελφῶν
384 2034 441 2098 καὶ
471 2025 557 2098 κατὰ
585 2029 625 2099 τὸ
657 2030 827 2118 σύμβολον
856 2035 927 2099 τῶν
953 2035 1134 2100 Φωκεὶωνα
1164 2043 1237 2103 satis

109 2143 255 2220 probasse
279 2142 348 2201 mihi
371 2142 499 2202 videtur.
551 2140 609 2202 Sed
642 2147 740 2202 utrum
764 2127 936 2219 σύμβολον
958 2142 996 2202 ad
1019 2144 1112 2204 solam
1136 2161 1236 2204 servo·

110 2263 177 2304 rum
201 2245 462 2304 manumissionem
486 2247 602 2321 spectet
629 2263 667 2303 an
691 2243 729 2303 ad
751 2245 810 2303 alia
833 2262 954 2322 quoque
977 2246 1056 2305 inter
1078 2250 1236 2322 utramque
1261 2317 1266 2322 ¹

112 2348 338 2407 universitatem
361 2349 483 2424 negotia
505 2348 661 2423 pertineat,
685 2365 722 2406 ex
744 2347 839 2407 titulis
862 2347 961 2424 colligi
986 2349 1097 2425 nequit

199 2450 426 2526 Mylasenses
455 2467 576 2527 quoque
607 2448 714 2508 talibus
744 2449 861 2526 legibus
888 2467 959 2508 usos
989 2467 1054 2510 esse
1085 2469 1123 2510 ex
1149 2451 1235 2512 titulo

110 2553 189 2612 Bull.
205 2552 232 2610 d.
249 2570 325 2611 corr.
348 2551 417 2611 hell.
434 2552 468 2623 V,
491 2569 520 2628 p.
535 2555 605 2628 112,
629 2551 661 2623 Ο,
681 2569 727 2610 vs.
742 2554 781 2611 13
805 2552 918 2611 elucet:
945 2540 1131 2630 πράσσουσι
1151 2542 1238 2610 κατὰ

110 2644 184 2712 τὸν
204 2640 440 2733 ansprando
463 2638 598 2730 νόμον,
618 2672 696 2730 quae
712 2655 805 2712 verba
827 2653 946 2731 docent,
966 2654 1063 2731 legem
1085 2654 1235 2732 quandam

111 2757 151 2816 de
176 2757 326 2833 emptione
349 2756 521 2816 venditione
543 2756 688 2833 pactionis
711 2756 901 2816 condiciones
922 2758 1162 2834 praescripsisse.

676 2946 703 3003 2.

155 3059 198 3124 lte
220 3059 275 3138 eis,
298 3059 347 3139 oui
369 3057 529 3140 emptionis
552 2940 732 3126 venditionis
754 3057 921 3139 pactionem
946 3057 1021 3123 inire
1043 3057 1193 3140 poterant.

197 3184 309 3242 Iustam
343 3191 374 3242 et
409 3183 571 3259 legitimam
606 3183 775 3258 pactionem
811 3181 889 3240 inire
923 3185 1064 3258 poterant
1092 3182 1236 3259 imprimis

110 3287 201 3356 cives,
224 3284 276 3360 qni
299 3302 353 3344 suo
375 3284 441 3343 iure
464 3288 599 3344 utuntur.
647 3285 811 3344 Praeterea
842 3283 1002 3343 dicendum
1030 3285 1087 3344 erit
1109 3285 1146 3344 de
1169 3285 1236 3344 aliis

111 3404 233 3464 quoqne
255 3386 409 3463 personis,
439 3403 565 3462 quarum
597 3384 634 3445 de
657 3386 722 3445 iure
745 3384 861 3444 emendi
884 3384 1096 3463 vendendique
1119 3391 1236 3446 contro·

110 3488 212 3548 versia
233 3491 300 3548 orta
323 3491 376 3560 est,
398 3487 538 3548 mulieres
561 3486 637 3566 dico,
658 3487 837 3564 impuberes,
859 3488 1041 3564 peregrinos.

398 3675 426 3730 1.
457 3674 566 3742 cives,
589 3674 651 3742 qui
673 3674 728 3730 sui
748 3674 833 3731 iuris
856 3677 947 3744 sunt,

110 3795 196 3855 nulla
223 3793 464 3872 impediebantur
493 3793 685 3870 condicione,
722 3793 897 3870 quominus,
929 3812 1007 3871 quae
1041 3793 1236 3872 possidebant
1311 3806 1313 3810 ’

111 3898 192 3958 bona
223 3901 276 3955 aut
307 3897 458 3971 emptione
488 3898 635 3972 angerent
666 3899 718 3955 aut
749 3895 920 3956 venditione
952 3896 1038 3956 alteri
1071 3895 1236 3956 traderent.

111 3998 203 4076 Apud
226 3999 389 4075 scriptores
411 3997 549 4057 nonnulli
571 3998 767 4057 inveniuntur
788 3997 861 4074 loci,
888 3997 997 4074 quibus
1025 3998 1142 4058 emendi
1165 4017 1236 4058 ven·

111 4099 202 4160 dendi
239 4101 286 4160 ius
319 4099 470 4160 interdum
504 4100 644 4160 amissum
677 4116 743 4159 esse
777 4098 926 4159 docemur.
980 4098 1102 4174 Apertis
1136 4099 1236 4160 verbis

201 4317 223 4382 ¹)
239 4313 372 4382 Foucart,
390 4312 477 4367 Arch.
490 4312 516 4367 d
529 4312 605 4367 miss.
618 4311 739 4368 scientis.
764 4312 805 4366 ΙΙο
821 4309 894 4368 serie
906 4310 963 4381 111,
979 4328 1008 4382 p.
1020 4316 1072 4374 ³93,
1082 4327 1143 4382 sqq.
