3062 4962
1115 329 1119 336 ’
1185 336 1230 394 31·

100 493 218 579 δίκηνα
241 498 311 560 κτλ.
363 501 552 562 Charondam
575 501 794 578 Platonemque
823 502 991 578 postulasse
1022 502 1173 581 docemur,
1194 507 1229 564 nt

100 603 199 662 statim
216 622 252 662 ea
267 603 382 683 fierent,
405 622 482 681 qnae
498 609 627 681 utraque
642 622 713 680 pars
735 621 767 662 se
790 603 936 664 iacturam
960 621 1025 664 esse
1042 605 1072 664 in
1089 607 1228 682 pactione

100 707 290 780 promiserat.
333 707 364 768 Si
386 708 452 784 quis
478 707 616 786 venditor
637 725 696 766 non
712 708 810 766 statim
826 707 993 786 accepisset
1006 709 1143 786 pretium,
1165 727 1227 769 non
1327 773 1330 778 ,

103 809 189 869 licuit
213 809 239 867 ei
263 827 382 868 causam
406 808 575 880 intendere,
605 809 740 886 quesibi
764 809 920 886 pecuniam
942 810 1111 870 ascisceret.
1155 811 1227 870 Pre-

100 912 172 970 tium
204 911 323 988 qnidem
351 907 549 992 παραχρῆμα
579 912 643 971 dari
673 913 770 988 potuit
800 913 829 970 in
858 913 1048 988 pactionibus
1077 912 1227 973 derebus

101 1015 202 1090 exigui
225 1015 382 1090 ponderis;
412 1015 463 1074 sed
489 1015 539 1074 ubl
562 1015 708 1090 agebatur
731 1014 768 1073 de
793 1015 903 1074 maiore
926 1015 1053 1093 pecunia
1075 1016 1227 1088 solvenda,

101 1117 245 1192 imprimis
268 1117 306 1176 de
329 1117 495 1176 vendendis
517 1117 609 1177 rebus
633 1117 846 1195 immobilibus,
868 1121 959 1176 totam
984 1119 1128 1193 pecuniae
1150 1136 1228 1178 sum·

102 1237 177 1277 mam
210 1219 309 1279 statim
339 1220 516 1297 pensitatam
550 1237 614 1279 esse
651 1220 809 1279 verisimile
839 1237 897 1279 non
929 1223 981 1279 est
1041 1219 1119 1295 Quid
1150 1238 1228 1298 opus

101 1321 192 1382 fuerit
215 1322 357 1398 testibus,
380 1322 453 1399 quid
475 1321 685 1398 iureiurando,
707 1323 762 1382 nisi
786 1327 835 1393 nt,
867 1341 944 1407 qnae
967 1322 1119 1401 pollicitae
1142 1329 1229 1383 erant

101 1429 220 1501 partes,
249 1425 407 1484 se-stricte
431 1405 643 1484 observaturas
674 1442 741 1484 esse
764 1423 999 1485 confirmarent?
1043 1425 1113 1485 Non
1136 1427 1228 1502 igitur

102 1526 283 1597 errabimus,
313 1527 339 1585 si
367 1528 397 1586 in
421 1527 558 1586 omnibus
580 1528 623 1586 eis
645 1527 756 1600 titulis,
787 1527 897 1602 quibus
928 1527 1096 1602 pactionem
1125 1527 1228 1586 initam

104 1647 169 1688 esse
194 1647 295 1688 coram
318 1631 445 1688 tentibus
468 1629 674 1704 intellegimus,
698 1629 828 1706 pretium
849 1648 910 1688 non
934 1630 1032 1689 statim
1047 1630 1227 1705 pensitatum

103 1749 168 1790 esse
199 1749 364 1791 censemus.
415 1732 507 1791 Immo
536 1735 616 1791 certe
649 1731 826 1792 Charondae
850 1731 1042 1808 Platonisque
1072 1731 1145 1790 illnd
1168 1749 1228 1790 non

102 1833 139 1891 ad
170 1834 268 1910 legem
304 1835 432 1893 omnium
464 1832 648 1894 Graecorum
682 1834 835 1892 civitatum
873 1850 1058 1894 communem
1097 1837 1228 1910 spectat3

102 1954 173 1995 num
196 1937 225 1995 in
253 1955 313 1996 una
345 1937 395 1996 vel
427 1937 522 1996 altera
544 1936 619 1996 urbe
642 1937 709 1995 talis
733 1936 861 1996 valuerit
888 1937 949 2014 lex,
980 1935 1110 2002 discerni
1135 1936 1228 2012 plane

102 2038 214 2115 nequit.

187 2140 415 2217 Theophrastus
444 2140 463 2199 l.
485 2159 510 2199 c.
541 2141 795 2199 caeremoniarum
826 2139 1014 2217 quarundam
1046 2141 1228 2200 mentionem

102 2243 191 2319 iacit,
220 2243 330 2320 quibus
353 2261 429 2319 opus
459 2245 524 2302 crat
546 2241 586 2301 ad
609 2244 665 2303 rite
688 2241 899 2320 perficiendam
923 2243 1101 2318 emptionem
1124 2242 1228 2302 vendi-

101 2347 229 2406 tionem:

189 2450 210 2507 Ι.
241 2431 346 2506 ὅταν
368 2435 388 2527 ὴ
408 2436 510 2526 τιμὴ
535 2441 642 2524 δοθῇ
665 2440 728 2524 ,εἰς
750 2438 884 2526 ortdorff
912 2446 996 2507 firma
1025 2452 1152 2524 rataque
1182 2450 1229 2506 est

102 2553 221 2629 emptio,
246 2550 276 2610 id
299 2555 345 2610 est
368 2551 455 2626 plane
478 2551 614 2629 perfecta
636 2549 733 2611 soluto
756 2551 864 2625 pretio.
907 2549 964 2610 Sed

189 2655 226 2712 Π.
256 2645 327 2711 καὶ
349 2639 458 2726 (ὅταν)
481 2642 530 2710 τὰ
557 2644 601 2711 ἐκ
628 2647 716 2711 τῶν
744 2641 890 2729 νόμιον
912 2639 1144 2729 ποιήσωσι;
1168 2651 1228 2710 for·

103 2757 201 2814 mulae
224 2757 316 2832 igitur
338 2755 388 2814 vel
412 2757 478 2830 lege
502 2756 551 2814 vel
573 2753 790 2816 consuetudihe
818 2755 989 2831 postulatae
1020 2752 1229 2813 observandae

103 2863 189 2934 snnt3
213 2875 339 2934 quarum
363 2862 593 2917 enumerantur:
673 2867 676 2876 ’

189 2958 219 3032 a)
251 2942 493 3038 ἀναγραφή,
523 2951 763 3036 ‚,promnlgatio“.
816 2957 921 3032 Qualis
950 2942 1025 3018 haec
1046 2957 1138 3018 fuerit
1158 2975 1228 3035 pro-

103 3063 246 3134 mulgatio
269 3079 368 3121 rerum
391 3061 626 3132 vendendarum,
650 3079 742 3136 supra
764 3063 820 3120 iam
844 3061 1013 3137 expositum
1036 3065 1089 3119 est.

190 3162 222 3237 b)
253 3147 391 3243 ὅρκος.
436 3165 561 3224 Veteres
576 3163 709 3224 Graecos
732 3181 768 3222 ao
783 3163 935 3223 Romanos
957 3162 1131 3238 saepissime
1150 3160 1227 3221 iure·

102 3267 230 3328 iurando
260 3283 332 3326 nsos
362 3269 392 3325 et
413 3267 524 3326 abusos
554 3283 619 3325 esse
648 3265 827 3340 scriptorum
851 3263 925 3324 locis
948 3265 1020 3324 satis
1042 3266 1145 3323 notum
1169 3267 1228 3340 est,

102 3389 191 3430 nemo
214 3369 305 3445 igitur
328 3369 493 3445 mirabitur,
516 3368 597 3445 quod
619 3369 649 3427 in
668 3367 826 3444 emptionis
842 3366 1023 3426 venditionis
1038 3366 1229 3442 pactionibus

103 3459 211 3553 ὅρκον
239 3471 422 3548 postulatum
451 3487 516 3529 esse
547 3488 613 3529 oum
644 3469 846 3546 Theophrasti
873 3469 1042 3529 testimonio
1070 3473 1132 3529 tum
1155 3468 1228 3546 ipsis

103 3573 351 3652 inscriptionibus
374 3572 524 3632 docemur.
567 3573 606 3631 nt
627 3571 677 3632 ille
700 3571 820 3648 quidem
843 3569 1007 3631 Aeniorum
1029 3570 1145 3647 legibus
1168 3571 1227 3630 ius-

103 3677 266 3738 iurandum
289 3676 470 3754 postulatum
501 3692 565 3734 esse
596 3674 703 3751 tradit,
732 3673 823 3750 idque
845 3692 900 3750 pro
924 3673 1050 3732 diversis
1073 3673 1163 3733 rebus
1185 3671 1228 3731 di·
1331 3662 1333 3666 ’

102 3780 202 3840 versic
224 3779 298 3838 locis
320 3777 466 3837 dandum:
489 3765 677 3848 „xeiedonot
695 3761 769 3854 γὰρ,
792 3764 851 3834 ἐὰν
864 3767 925 3853 μέν
940 3792 990 3844 τις
1005 3767 1117 3833 οἰκίαν
1131 3768 1227 3854 πρίη-
1310 3769 1312 3773 ’

101 3899 175 3955 τοι,
204 3869 301 3940 θύειν
331 3872 386 3940 ἐπὶ
420 3876 484 3938 τοῦ
510 3864 719 3948 ’Λπόλλωνος
753 3873 818 3936 τοῦ
838 3859 1070 3954 Ἑπικοομαίοο,
1103 3865 1163 3935 ἐὰν
1192 3869 1229 3934 δὲ

101 3978 232 4064 χωρίον
252 3976 308 4043 ἐπὶ
337 3980 397 4061 τῆς
425 3971 538 4061 κώμης
559 3963 580 4058 ᾗ
602 3966 704 4052 αὐτὸς
726 3973 820 4054 οἰκεῖ,
852 3974 908 4039 καὶ
932 3965 1111 4058 ὀμνύειν
1133 3970 1229 4039 ἐναν-

102 4081 180 4146 τίον
201 4081 261 4165 τῆς
284 4072 385 4164 ἀρχῆς
409 4130 415 4142 .
441 4129 447 4143 .
473 4130 490 4158 .,
516 4074 579 4143 τὸν
611 4077 647 4142 δε
676 4073 720 4163 μὴ
750 4077 914 4143 οἰκοῦντα
943 4073 980 4141 ἐν
1009 4069 1101 4141 ἄστει
1127 4071 1228 4140 θύειν

101 4179 180 4249 τὸν
202 4174 335 4268 ὅρκον
357 4179 412 4246 ἐπὶ
434 4182 498 4246 τοῦ
521 4175 599 4256 Διὸς
627 4181 690 4245 τοῦ
712 4171 885 4265 Ἀγοραίου
988 4169 1067 4243 ἄνευ
1094 4178 1130 4242 δὲ
1151 4173 1229 4243 ood-

102 4307 175 4350 των
190 4279 235 4370 μὴ
251 4275 429 4371 ἐγγράφειν
444 4275 507 4370 τὴν
523 4272 644 4368 ἀρχήν·
669 4275 736 4367 ἅμα
754 4281 811 4346 καὶ
826 4279 863 4346 ἐν
877 4282 936 4367 τῷ
959 4272 1073 4367 ὅρκῳ
1095 4294 1228 4366 προσ·-
