3062 4962
1198 335 1237 393 15

111 505 238 565 verbum
265 523 361 582 paene
392 504 573 565 conveniant
602 521 669 564 enm
701 504 750 562 Ps
780 503 992 564 Demosthenis
1023 501 1239 578 Plutarebique
1297 505 1301 513 '

111 607 185 669 loeis
208 625 302 685 supra
324 604 492 684 exsoriptis.
804 683 805 692 ἵ

199 710 293 770 Plura
315 709 352 769 de
374 709 421 769 his
449 710 539 769 rebus
561 709 656 768 verba
677 707 777 769 faeere
809 709 931 785 longum
962 713 1024 785 est,
1052 707 1172 767 eumin
1195 707 1240 766 in·

111 812 326 890 scriptionibus
349 811 500 888 lapidibus
521 809 680 887 insculptis
702 813 778 871 tales
800 829 919 888 semper
934 813 1016 871 viros
1031 829 1123 887 agore
1138 809 1238 870 videa-

112 933 195 995 mus,
224 915 328 992 quales
358 916 476 991 legibus
498 913 738 992 postulabantur.
780 913 944 974 Fuerintue
967 915 1010 986 ei,
1033 913 1085 990 qui
1113 915 1240 990 propter

112 1018 204 1079 animi
227 1017 458 1077 imbecillitatem
487 1017 613 1076 aliumve
643 1033 762 1076 oausam
793 1033 843 1076 res
873 1033 943 1076 suas
969 1017 1026 1093 ipsi
1048 1033 1156 1091 gerere
1178 1033 1239 1074 non

111 1123 246 1197 possent,
268 1121 299 1180 in
322 1120 421 1180 aliena
442 1137 542 1196 manu,
563 1137 744 1196 quamquam
768 1118 923 1179 diiudioari
947 1119 1060 1196 nequit,
1085 1117 1240 1195 probabile

111 1226 214 1282 tamen
237 1221 366 1283 videtur.

550 1341 596 1398 11.
626 1341 802 1398 Mulieres.

202 1462 365 1523 Nonnullis
380 1461 476 1522 titulis
491 1462 573 1538 quod
589 1461 733 1538 inscripta
754 1460 890 1522 videmus
911 1460 1087 1521 feminarum
1112 1461 1240 1538 nomina,

112 1584 192 1643 quae
214 1567 298 1643 ipsae
312 1582 362 1625 res
378 1582 484 1642 gerere
499 1563 649 1636 videntur,
672 1564 784 1624 offendi
800 1563 907 1624 eredas
921 1565 1017 1642 legem
1038 1563 1126 1636 illam,
1150 1582 1239 1640 quam

112 1685 262 1744 nusquam
285 1668 317 1726 in
340 1667 467 1728 Graecia
497 1685 557 1726 non
588 1666 718 1727 valuisse
748 1671 882 1752 oonstat,
915 1671 949 1726 nt
977 1666 1083 1726 mulier
1106 1685 1166 1726 non
1188 1667 1240 1725 hu·

111 1771 199 1830 beret
220 1771 267 1830 ins
290 1769 412 1847 publioe
427 1769 553 1846 agendi3
575 1770 672 1845 immo,
695 1787 773 1846 qnae
788 1769 910 1829 volebat
932 1770 1008 1829 inire
1024 1770 1152 1844 negotia,
1175 1769 1240 1828 viro

112 1870 233 1932 cuidam
256 1871 398 1932 mundare
422 1875 525 1933 ooaota
541 1876 628 1949 esset,
651 1873 737 1932 onius
752 1890 860 1931 nomen
884 1857 1034 1949 „xtpaoe‘
1056 1871 1150 1932 fnisse
1171 1888 1239 1931 oum

112 1994 152 2038 ex
182 1979 336 2035 oratorum
367 1975 441 2035 loeis
452 1972 474 2045 1)
503 1978 566 2035 tnm
597 1993 636 2034 ex
664 1975 758 2035 titulis
787 1973 924 2052 plurimis
954 1977 1085 2051 constat3
1112 1992 1241 2050 eumque

112 2078 267 2154 maritum,
289 2081 418 2154 patrem,
440 2075 551 2154 filium,
575 2077 665 2137 alium
688 2083 849 2154 eognatnm
873 2077 965 2136 fnisse
988 2077 1105 2136 seimus.
1149 2075 1241 2136 Velut

114 2181 241 2240 maritus
263 2173 384 2258 κυρίου
407 2197 531 2240 munero
553 2177 824 2257 iungitn1·0.l.G.
846 2173 1034 2256 N0.1608l;
1060 2182 1148 2256 puter
1169 2177 1241 2238 ibid.

114 2283 225 2359 160803
254 2280 333 2342 lilius
355 2281 425 2342 ibid.
450 2274 558 2344 ldddd.

199 2383 328 2446 Athenis
351 2403 411 2444 nou
433 2385 525 2461 plane
548 2384 679 2444 caruisse
702 2384 768 2444 iure
791 2384 908 2444 emendi
932 2383 1083 2443 vendendi
1099 2383 1240 2443 mulieres

113 2506 152 2550 ex
175 2482 296 2560 lsaeo²l
319 2490 461 2564 apparet:
485 2473 531 2563 ,50
546 2476 609 2565 γὰρ
624 2471 728 2566 νόμος
751 2470 933 2566 διαρρλδηυ
947 2474 1071 2544 κωλύει
1084 2477 1182 2544 παιδὶ
1194 2473 1239 2562 μὴ

112 2581 237 2666 ἐξεῖναι
267 2578 469 2666 συμβάλλειν
498 2582 581 2668 μηδὲ
606 2582 740 2667 γυναικὶ
767 2582 854 2668 πέρα
888 2581 1049 2666 μεδίμνου
1080 2580 1242 2666 κριθῶυ“.

113 2691 227 2752 Eadem
258 2691 323 2753 fere
338 2691 479 2752 'madunt
509 2691 670 2752 soholiasta
703 2693 732 2751 in
764 2691 997 2769 Aristophanem
1006 2687 1031 2764 8)
1061 2694 1090 2751 et
1124 2691 1240 2767 Harpo-

114 2795 240 2854 oration.
250 2790 275 2866 ⁴)
319 2795 358 2854 Et
380 2795 592 2870 antiquissimis
620 2795 677 2853 iam
708 2794 893 2871 temporibus
915 2794 993 2854 bano
1019 2794 1116 2870 legem
1146 2797 1240 2853 ortam

113 2913 181 2957 esse
193 2897 270 2956 ratio
282 2895 476 2972 demonstrat,
491 2914 551 2972 qua
563 2895 668 2956 modus
679 2896 730 2955 ille
741 2895 912 2956 mulieribus
923 2894 1072 2956 definitur.
1101 2895 1241 2956 Attamen

113 2999 240 3074 colligas
268 3017 306 3059 ex
335 2999 382 3058 his
408 2998 497 3070 loeis,
526 2998 615 3076 plane
638 2998 773 3058 diversas
804 2998 896 3058 fuisse
918 3000 1118 3059 Romanorum
1149 3001 1240 3075 etque

114 3102 343 3163 Atheniensium
355 3101 566 3179 institutiones,
581 3101 695 3179 quippe
712 3120 778 3161 oum
794 3103 905 3162 Romae
917 3091 1037 3163 omnino
1048 3101 1240 3162 interdictum
1271 3175 1275 3182 ,

113 3208 196 3265 esset
223 3204 416 3282 mulieribus,
445 3222 501 3283 pro
531 3222 564 3264 se
594 3204 667 3281 ipsis
694 3204 814 3281 publice
843 3223 948 3281 agero,
976 3203 1057 3281 qnod
1087 3204 1242 3264 nonnullis

112 3307 294 3385 seriptornm
328 3307 402 3369 loeis
436 3307 509 3368 satis
539 3309 694 3385 probatur.
747 3310 829 3367 Bene
858 3305 1025 3381 Foueartll
1056 3308 1240 3369 Graecorum

112 3411 379 3504 Romanorumque
408 3408 445 3470 de
475 3409 531 3469 hae
559 3428 592 3469 re
620 3410 820 3470 institutiones
843 3411 944 3470 vorbis
967 3415 1121 3486 comparat
1143 3410 1240 3470 hisee:

112 3516 158 3592 „A
181 3513 284 3592 Rome,
306 3512 460 3573 servitude
475 3513 669 3591 perpetuelle,
692 3512 861 3573 adthtnes
884 3513 1010 3574 enfanoe
1034 3518 1063 3574 et
1085 3532 1140 3591 par
1161 3514 1240 3574 suite

113 3615 221 3676 tutelle
243 3607 483 3694 perpetuelle“.⁰)

201 3719 248 3778 Do
275 3717 494 3778 Laeonioarum
523 3717 680 3778 mulierum
718 3708 922 3779 oresoentibns
952 3719 1074 3796 opibus,
1111 3736 1239 3796 quarum

204 3883 225 3946 ¹)
242 3880 279 3935 Is.
298 3880 333 3936 de
350 3880 484 3950 Dioaeog.
502 3880 597 3936 hored.
614 3879 675 3949 §16
694 3879 729 3936 de
746 3879 864 3936 Pbiloot.
883 3881 941 3937 ber.
959 3881 1029 3952 §32

201 3969 225 4032 ¹)
242 3965 277 4022 do
295 3965 384 4022 Arist.
402 3965 497 4022 hored.
513 3965 530 4036 ᾗ
545 3969 584 4021 10.

201 4054 224 4118 ⁸)
243 4052 351 4106 Eeoles.
366 4055 468 4120 ¹⁰²4l5·
604 4054 627 4118 ⁴)
645 4051 688 4107 ed.
706 4051 829 4120 Bolskan,
849 4056 906 4119 141,
919 4056 944 4107 9.

201 4139 225 4202 ⁵)
241 4135 329 4192 Arob.
348 4135 398 4192 des
416 4135 492 4192 miss.
511 4133 709 4192 soientii.1866
727 4155 755 4206 p.
767 4140 826 4192 379.

201 4221 224 4292 ο)
242 4221 285 4278 De
303 4222 490 4277 Romanorum
511 4237 565 4277 usu
588 4219 625 4279 of.
642 4221 714 4278 Lis.
725 4219 858 4290 XXXIV,
870 4225 898 4276 7:
929 4221 1105 4292 „Numquam
1129 4223 1240 4279 exuitur

114 4306 239 4364 seruitus
256 4307 426 4363 mullobrns
