3062 4962
1141 317 1248 408 ¹ru

120 482 196 541 iuris
219 501 279 542 non
302 481 394 542 fuisso
423 499 515 559 supra
537 482 821 554 demonstravimus,
853 499 951 543 emere
975 483 1110 560 potuisse
1134 482 1250 561 eredas,

123 585 269 661 imprimis
291 585 342 644 uhi
364 584 509 661 agebatur
531 584 569 646 de
592 585 759 645 vendendis
781 586 905 646 dearum
921 585 1105 646 sacerdotiis.
1149 585 1249 660 Quare

123 689 232 747 mirum
256 693 338 748 certe
361 693 420 766 est,
442 687 522 764 quod
547 689 576 748 iu
600 692 704 747 nostro
728 689 832 766 titulo,
853 689 906 750 ubi
928 693 987 748 tam
1010 688 1103 748 multe
1125 689 1249 748 dearum

124 791 296 850 sacerdotia
318 797 459 867 veneunt,
482 792 560 851 inter
583 795 628 851 tot
650 796 802 868 emptores
824 791 918 851 semel
940 791 1028 851 modo
1051 790 1190 850 feminam
1207 793 1250 851 in·

123 894 278 970 venimus,
316 912 395 970 qnae
426 891 551 953 Veneris
582 893 734 970 quoddam
770 892 971 954 sacerdotium
1001 893 1162 970 Apollonio
1189 893 1249 954 tilio

123 987 425 1074 ,,διαοονίοτηοιν“,
452 997 469 1054 i.
486 1014 510 1056 e.
541 996 686 1056 ooneedit.
738 995 824 1055 Hane
854 996 931 1054 enim
961 1013 1027 1056 esse
1057 996 1145 1055 huius
1168 997 1251 1056 verbi

123 1097 271 1158 rationem
300 1100 372 1158 satis
403 1098 542 1176 probavit
563 1099 662 1174 Rayet
684 1099 703 1157 l.
719 1117 744 1158 ο.
768 1118 796 1176 p.
814 1103 950 1175 122sqq.
1001 1098 1096 1173 Quam
1126 1100 1249 1159 obrem

124 1201 226 1259 omnia
254 1200 376 1261 dearum
408 1200 578 1261 sacerdotia
607 1220 626 1260 a
654 1202 727 1260 viris
758 1201 853 1261 solum
885 1206 1030 1272 ementur,
1060 1219 1106 1260 me
1134 1202 1250 1261 nescire

124 1302 327 1362 confitendum
350 1305 412 1379 est3
441 1307 541 1362 utrum
571 1303 646 1379 viri,
675 1303 726 1379 qui
758 1302 882 1362 dearum
913 1303 988 1364 haee
1018 1321 1142 1363 munera
1164 1320 1250 1362 seura

124 1409 236 1477 emunt,
261 1404 416 1464 mulierum
440 1405 506 1464 loeo
530 1404 624 1464 innoti
647 1406 716 1478 sint,
739 1423 786 1476 au,
810 1406 940 1482 quaein
963 1406 1100 1482 pastione
1123 1405 1251 1465 inierant

125 1506 224 1568 offleia
253 1509 308 1586 ipsi
347 1510 472 1585 exsequi
511 1508 686 1579 debuerint,
725 1526 780 1584 pro
810 1513 891 1568 eerto
922 1508 980 1567 diei
1011 1509 1122 1584 nequit.
1173 1510 1249 1568 Nam

125 1629 306 1687 quamquam
330 1611 502 1687 negandum
525 1629 584 1670 non
609 1615 667 1684 est,
690 1609 831 1669 habuisse
854 1608 927 1670 deas
950 1599 1048 1670 viros
1071 1611 1251 1688 secerdotes,

126 1712 178 1790 qui
202 1731 286 1772 saera
309 1712 431 1773 obibant
454 1731 587 1788 munera,
611 1716 710 1772 tamen
733 1731 771 1772 ne
794 1712 866 1772 illud
889 1713 1009 1788 quidem
1033 1713 1190 1773 verisimile
1208 1715 1250 1772 vi-

126 1814 223 1886 detur,
246 1815 385 1892 Erythris
407 1816 488 1874 viros
511 1816 609 1874 solum
631 1815 807 1874 sacerdotes
831 1815 923 1874 fuisse
944 1819 1034 1891 atque
1049 1814 1175 1875 feminas
1191 1834 1250 1876 non

126 1916 266 1977 hahuisse
289 1917 443 1977 obtinendi
466 1917 665 1978 sacerdotium
688 1917 872 1977 facultatem.

212 2018 387 2079 Valnerituo
403 2020 433 2079 in
449 2021 514 2096 ipsa
530 2020 657 2080 Greeeia
672 2038 744 2078 usus
760 2019 985 2080 vendendorum
1006 2019 1251 2096 sacerdotiorum,

124 2121 431 2199 propterealdeoerni
453 2121 573 2198 nequit,
604 2121 685 2197 quod
719 2139 821 2181 omnes
851 2122 887 2181 de
916 2141 951 2181 ea
974 2122 1097 2182 materia
1119 2122 1197 2181 tituli
1219 2123 1249 2182 iu

126 2225 200 2284 Asia
221 2223 271 2283 vei
293 2224 322 2282 in
346 2224 519 2300 regionibus
541 2225 631 2285 Asiae
654 2223 787 2284 finitimis
808 2226 838 2285 in
862 2226 959 2284 lueem
980 2225 1089 2302 prolati
1110 2229 1189 2285 sunt.

212 2429 273 2487 Eas
296 2429 390 2489 solum
414 2447 464 2489 res
487 2429 637 2506 emptione
660 2428 833 2490 venditione
848 2428 877 2487 in
895 2428 1016 2490 alterius
1032 2429 1249 2505 possessionem

125 2531 287 2591 transmitti
317 2531 467 2608 potuisse,
499 2550 577 2608 quae
608 2533 728 2592 omnino
759 2536 850 2607 atque
880 2532 944 2591 sine
973 2531 1063 2592 dubio
1085 2532 1250 2592 venditoris

127 2638 215 2696 erant
238 2635 296 2693 iam
319 2633 403 2694 initio
426 2634 515 2693 huius
537 2634 722 2712 paragraphi
751 2638 1013 2694 oommemoratum
1044 2639 1097 2694 est
1140 2636 1251 2705 Restat,

126 2738 161 2794 ut
184 2736 241 2795 hoo
263 2735 329 2795 loeo
353 2736 462 2796 mentio
485 2735 536 2795 fiat
558 2735 638 2796 tituli
661 2735 741 2812 apud
756 2737 800 2795 Le
814 2737 873 2796 Bes
896 2736 952 2796 No.
967 2738 1038 2796 415.
1082 2735 1191 2811 Agitur
1213 2736 1250 2795 de

126 2837 238 2898 emhesi
267 2837 412 2898 bonorum
443 2838 648 2915 quorundam,
679 2856 757 2914 quae
787 2856 824 2897 ex
851 2837 986 2897 iatrooiis
1007 2838 1197 2914 possessione
1219 2838 1251 2897 in

127 2959 234 3000 manus
256 2939 474 3001 fideiiussorum
496 2941 593 3018 Iovis,
621 2942 668 3000 oui
696 2944 742 2999 est
764 2958 872 3000 nomen
896 2939 1029 3016 Osogoa,
1058 2940 1251 3000 transierunt.

126 3043 228 3120 Atque
251 3044 349 3102 omnia
371 3061 427 3103 sua
450 3043 528 3102 hona
552 3043 655 3104 vendit
677 3043 836 3120 latrooies,
867 3041 949 3119 qnod
977 3041 1097 3118 quidem
1121 3041 1251 3102 formula

127 3129 235 3204 οὐθὲν
262 3131 538 3222 ὑπολειπομένου
560 3135 683 3204 damme
706 3137 743 3203 ἐν
764 3150 837 3214 τοῖς
858 3129 978 3214 τόποις
1000 3132 1136 3216 τούτοις
1164 3143 1251 3204 dooe-

127 3265 209 3318 mur;
232 3250 359 3323 exeepta
381 3250 477 3306 autem
501 3250 572 3306 sunt
594 3265 630 3308 ea
652 3247 745 3324 bone,
768 3245 805 3306 de
827 3246 934 3323 quihus
957 3246 1162 3306 controversia
1184 3250 1251 3306 orta

127 3354 208 3424 erat,
235 3351 335 3408 utrum
357 3348 502 3408 latroeles
533 3367 571 3408 an
594 3349 671 3408 alter
695 3347 815 3424 qnidam
838 3347 1010 3425 possidendi
1043 3347 1089 3408 ius
1111 3347 1251 3407 haberet:

126 3439 260 3531 „sciria
290 3446 373 3510 τῶν
410 3443 879 3529 διαμφισβητουμένων
910 3433 1020 3530 [π’]ρὸς
1049 3439 1251 3509 Μελάνθιον

127 3542 301 3622 notator.
344 3554 431 3612 Patet
452 3553 553 3632 igitur,
576 3552 613 3613 de
635 3558 721 3629 parte
744 3552 891 3613 bonorum
914 3552 1034 3613 Iatrooli
1058 3553 1139 3612 litem
1158 3551 1250 3612 tuisse

127 3664 233 3718 eontra
259 3655 455 3716 Melanthium
486 3656 619 3716 nondum
649 3655 851 3715 diiudicatum.
902 3644 979 3728 ,ἐὰν
1007 3648 1042 3714 δὲ
1069 3650 1173 3734 κριθῇ
1194 3648 1250 3712 καὶ

126 3743 170 3818 τὰ
200 3747 527 3838 διαμφισβητούμενα
558 3746 645 3816 κατὰ
667 3741 867 3838 Ἰατροκλῆν,
895 3747 1029 3816 ἔσονται
1058 3750 1115 3815 καὶ
1143 3752 1251 3815 ταῦτα

127 3853 403 3941 ἐμβεβατευμένοι
434 3849 521 3918 κατὰ
549 3848 650 3938 τήνδε
679 3849 742 3939 τὴν
772 3849 923 3938 ἔμβασινα
953 3858 1026 3918 κτλ.
1077 3859 1129 3920 Lis
1151 3859 1251 3936 igitur,

127 3964 152 4025 si
182 3963 315 4024 indioata
343 3965 399 4022 erit
428 3962 594 4022 seeundum
625 3961 797 4034 latroolem,
827 3963 845 4022 i.
860 3981 893 4037 e,
923 3962 949 4022 si
978 3961 1130 4022 decretum
1154 3962 1251 4022 erite

127 4064 284 4140 iudioibns,
307 4064 344 4124 ad
370 4064 564 4124 Melanthium
587 4082 647 4123 non
669 4066 822 4140 pertinere
846 4064 897 4124 iila
918 4063 1008 4135 hona,
1032 4063 1106 4123 haee
1128 4080 1251 4140 qnoque

127 4168 158 4228 iu
183 4166 232 4227 dei
254 4170 433 4244 potestatem
456 4169 652 4245 transeunte,
682 4166 773 4242 idque
804 4166 860 4226 hoe
890 4165 994 4227 eodem
1022 4164 1159 4238 decreto,
1190 4183 1250 4242 quo

127 4268 274 4329 venditati
307 4273 377 4328 sunt
414 4269 521 4345 reliqui
552 4267 654 4346 tundi;
690 4287 781 4345 quam
814 4268 983 4328 formulam:
1012 4257 1165 4346 »ἔσονται
1195 4261 1252 4326 καὶ
