3062 4962
298 386 338 444 38

297 555 517 638 νειοτιοῖαι1
540 549 663 610 ιιοοιιιιιι
695 551 776 609 viees
804 549 931 621 obeunt,
961 566 1089 625 quorum
1118 548 1173 609 snb
1196 547 1339 625 auspiciis
1362 565 1423 607 em·

299 653 432 730 ptionem
462 653 663 713 venditionem
693 651 802 712 laetam
831 669 897 711 esse
927 651 1010 711 initio
1041 652 1132 711 totius
1162 651 1238 710 tituli
1266 649 1423 710 doeemur:

301 751 477 830 ,βεβαιοῦν
498 743 577 826 τοὺς
601 743 702 824 θεοὺς
726 799 781 814 ...
805 748 1028 832 συμβεβαιοῦν
1051 747 1086 812 δὲ
1115 742 1195 824 τούς
1222 746 1423 822 arenosae.

297 857 438 918 Eiusdem
463 859 590 918 nominis
613 859 804 934 magistratus
827 857 947 934 saepius
969 858 999 917 in
1018 857 1102 917 Ionia
1123 858 1299 932 invenimus,
1321 874 1424 934 neque

298 960 407 1020 desunt
429 960 465 1022 de
489 978 524 1020 ea
546 979 579 1019 re
601 958 713 1033 tituli.¹)
744 989 786 1001 —
816 961 923 1021 Utrum
954 960 1042 1019 etiam
1069 961 1099 1018 in
1122 958 1280 1019 vendendo
1304 959 1423 1019 Dianae

297 1063 452 1139 Pergaeus
482 1061 650 1122 sacerdotio
680 1062 710 1124 O.
726 1062 747 1122 1.
764 1061 796 1121 G.
813 1061 849 1133 Π,
866 1064 949 1123 2656
976 1055 1145 1140 νεοοποὶης
1173 1062 1297 1124 alterius
1325 1062 1424 1139 partis

297 1164 379 1224 viees
401 1164 508 1226 obierit
530 1183 633 1236 necne,
657 1183 693 1225 ex
717 1164 802 1224 titulo
825 1163 958 1240 intellegi
981 1164 1100 1240 neqnit3
1123 1162 1176 1224 sed
1199 1163 1356 1240 probabile
1380 1163 1423 1222 vi·

297 1266 386 1327 detur
409 1271 532 1344 propter
554 1267 665 1345 prioris
687 1267 765 1327 tituli
787 1267 963 1342 analogiam.

382 1370 411 1426 M
422 1370 713 1447 eliopolitanus
728 1369 832 1427 titulus
844 1365 964 1441 (Μουσ.
976 1366 1103 1446 Σμυρν.
1118 1369 1153 1442 Π,
1171 1365 1222 1439 19)
1237 1385 1422 1444 quamquam

296 1471 384 1531 valde
408 1471 530 1532 mutilus
552 1475 694 1549 quattuor
710 1471 797 1531 modo
813 1489 919 1531 versus
935 1472 1074 1547 eontinet,
1095 1468 1302 1546 neglegendus
1320 1473 1423 1529 tamen

296 1593 356 1634 non
386 1575 469 1634 visus
501 1579 560 1645 est,
591 1591 657 1634 eum
689 1574 880 1649 magistratus
911 1573 1067 1634 cuiusdam
1097 1572 1209 1632 mentio
1243 1572 1308 1632 fiat:
1344 1567 1423 1650 ,τῆς

296 1673 449 1754 βουλῆς“.
500 1677 557 1737 Sed
588 1679 686 1736 utrum
716 1659 820 1749 βουλό
852 1677 882 1735 ιιι
912 1677 1051 1752 pactione
1075 1676 1140 1752 ipsa
1168 1675 1273 1735 funeta
1295 1675 1349 1750 ιιι,
1379 1694 1421 1735 an

296 1781 455 1856 vectigalia
485 1780 579 1839 solum
617 1798 654 1840 ex
692 1779 841 1856 emptione
875 1779 1048 1839 venditione
1082 1778 1227 1838 sumenda
1261 1778 1422 1857 acceperit,

296 1881 395 1941 disere
419 1899 478 1941 non
501 1899 632 1959 possum.

382 1984 561 2044 Issensis
583 1985 688 2045 titulus
712 1984 798 2054 (Bull.
815 1982 852 2043 de
868 2001 942 2044 eorr.
962 1982 1032 2044 hell.
1047 1985 1082 2061 V,
1104 2002 1132 2060 p.
1149 1980 1234 2056 492).
1278 1984 1419 2059 Magnum

297 2087 525 2164 magistratuum
550 2105 714 2163 earumque
737 2104 950 2163 personarum,
979 2104 1057 2163 qnae
1080 2091 1181 2164 partes
1204 2085 1350 2146 adiuvare
1372 2103 1420 2145 so·

298 2189 414 2260 lebant,
444 2207 601 2249 numerum
629 2189 760 2267 praebet.
814 2189 947 2250 Civitatis
976 2188 1056 2266 loeo,
1091 2206 1170 2265 quae
1201 2187 1303 2247 vendit
1333 2188 1420 2259 bona,

296 2293 418 2367 praeter
433 2275 606 2368 ἄρχοντας,
622 2285 750 2368 ταμίας,
767 2275 987 2369 ἀστυνόμους,
1010 2279 1226 2369 συνηγόρους,
1246 2290 1420 2351 saeerdotes

296 2383 374 2464 Διὸς
394 2387 552 2471 μεγίστου
568 2398 609 2456 34
626 2395 681 2453 viri
701 2385 788 2466 ,οἵδε
805 2377 873 2452 ἀπὸ
889 2391 1014 2472 φυλῆς“
1038 2394 1207 2470 funguntur
1223 2392 1263 2467 (v.
1281 2396 1320 2454 18
1332 2389 1419 2471 sqq),

296 2495 325 2555 id
357 2501 401 2556 est
430 2497 495 2557 eius
524 2497 636 2574 phylae
666 2496 763 2572 aives,
795 2497 880 2556 ouius
909 2499 972 2556 tum
1004 2501 1070 2556 erat
1099 2495 1269 2573 prohedria.
1312 2497 1419 2573 Neque

296 2597 381 2658 deest
403 2617 586 2675 eponymus‚
610 2582 881 2678 στεφανηφόρος,
910 2601 995 2658 onius
1018 2617 1126 2658 nomen
1149 2617 1186 2658 ex
1209 2599 1275 2659 aliis
1298 2617 1418 2676 qnoque

296 2700 428 2760 eiusdem
451 2702 574 2777 originis
597 2703 690 2762 titulis
713 2703 1043 2778 eognitumbabemns,
1074 2720 1162 2778 quem
1185 2701 1305 2778 quidem
1329 2703 1418 2778 Apol-

295 2802 362 2862 linis
385 2803 472 2862 simul
496 2803 561 2864 loeo
585 2803 721 2863 innatum
745 2821 810 2864 esse
834 2822 872 2862 ex
895 2804 1097 2879 compluribus
1120 2802 1270 2881 lapidibus
1293 2807 1418 2863 eonstat.

382 2906 426 2964 De
459 2904 641 2966 Graecorum
674 2906 704 2964 in
739 2906 843 2966 insulis
877 2906 1074 2966 habitantium
1108 2924 1165 2967 usu
1198 2924 1277 2982 quae
1311 2907 1417 2966 seimus

295 3008 370 3068 haee
392 3011 477 3068 sunt:

383 3109 512 3170 (lhios.
556 3109 642 3181 Rani,
658 3111 764 3172 instorr.
780 3109 936 3187 antiquiss.
950 3111 1008 3170 No.
1025 3113 1096 3172 381.
1135 3110 1201 3171 onii
1213 3112 1417 3188 pronuntiant,

296 3227 327 3269 se
351 3211 526 3271 vendituros
557 3229 623 3272 esse
653 3211 804 3288 regionem
835 3212 1027 3288 Dophitidem
1057 3214 1087 3272 in
1119 3212 1416 3290 eomplures'partes

296 3311 433 3385 divisam,
464 3333 551 3390 quam
581 3314 783 3374 venditionem
807 3313 977 3374 mandatam
1005 3313 1097 3375 fnisse
1131 3321 1245 3388 ,τοῖς
1267 3331 1414 3373 πεντε-

295 3409 366 3472 καί
374 3410 394 3474 d
402 3415 496 3474 exo“
522 3436 559 3476 ex
582 3416 660 3476 tituli
683 3416 820 3476 versibus
842 3416 1024 3494 intellegitur
1043 3417 1143 3477 hisee:
1166 3417 1202 3494 A,
1220 3421 1273 3488 18;
1297 3419 1329 3490 Β,
1347 3421 1374 3494 1,
1389 3419 1414 3475 2.

380 3517 520 3577 Tenos.
565 3518 595 3579 Ο.
610 3518 633 3576 Ι.
648 3517 683 3578 G.
700 3519 737 3594 ll,
753 3520 845 3580 2338.
889 3516 1000 3578 Omnes
1016 3517 1080 3578 fere
1095 3520 1259 3596 pastiones,
1276 3519 1412 3596 quoniam

295 3620 373 3680 inter
394 3621 530 3695 privatos
552 3620 636 3697 liunt,
658 3622 778 3680 nomina
800 3640 867 3681 oum
891 3621 1034 3698 emptoris
1057 3628 1118 3682 tum
1143 3621 1307 3682 venditoris
1331 3622 1413 3682 titulo

295 3722 459 3782 inscribere
493 3722 616 3782 suffecit.
677 3723 733 3784 Sed
773 3742 997 3800 nonnumquam
1030 3723 1124 3801 phyla
1158 3723 1306 3801 quaedam
1340 3724 1414 3785 bona

295 3823 419 3900 vendit,
451 3824 539 3901 quale
572 3825 696 3900 legimus
729 3843 756 3884 v.
778 3830 831 3887 36:
864 3814 970 3906 παρ]ὰ
991 3822 1239 3901 Καλλιφῶντος
1271 3819 1328 3883 καὶ
1359 3822 1414 3903 τῆς

295 3914 431 4006 [φολῆ]ς
454 3917 536 4008 [atqle
553 3912 775 4006 Ἡρακλειδῶν
799 3919 962 4008 [salpistae
986 3918 1048 4007 τὴν
1072 3920 1182 3986 οἰκίαν
1202 3926 1275 3986 κτλ.
1320 3947 1348 3987 v.
1363 3931 1413 3989 40:

382 4177 404 4238 ¹)
421 4174 594 4230 Halioarn:
614 4175 644 4232 C.
657 4177 678 4232 I.
692 4175 724 4232 G.
737 4175 774 4245 ll,
785 4181 845 4232 453.
879 4178 898 4232 J
904 4192 992 4232 asos:
1006 4177 1041 4232 ib.
1054 4181 1130 4247 2671,
1148 4195 1175 4232 v.
1188 4181 1229 4231 26.
1241 4181 1336 4247 26734,
1354 4195 1379 4233 v.
1392 4183 1414 4232 4.

293 4256 486 4329 Aphrodis:
511 4261 549 4316 ib.
562 4265 641 4330 2749,
668 4277 694 4317 v.
710 4267 749 4317 10.
767 4262 950 4331 Magnesia:
969 4263 1006 4317 ib.
1019 4266 1095 4332 2916,
1122 4279 1150 4318 v.
1164 4267 1189 4318 6.
1208 4262 1355 4334 Smyrna:
1378 4262 1415 4318 ib.

294 4345 369 4400 3358.
388 4374 422 4386 -
439 4343 608 4415 Ephesus:
627 4346 832 4416 Ditteuberger‚
850 4346 964 4419 Sylloge
979 4352 1035 4418 134,
1051 4353 1077 4420 ι,
1095 4353 1152 4417 344,
1165 4352 1206 4404 21.
