3062 4962
309 334 329 392 8
437 383 441 388 .

399 505 427 562 3.
456 497 563 560 Move.
581 497 709 579 Σμυρν.
728 495 890 576 1orol8p.
905 501 954 561 87.
999 499 1149 574 Quattuor
1164 499 1383 576 Metropolitum
1395 501 1428 560 ti·

311 603 366 662 tuli
388 601 526 663 versibus
548 601 616 663 finis
638 604 716 664 inest
745 602 858 663 decreti
886 603 1040 662 cniusdam
1070 602 1109 662 ad
1131 602 1309 680 emptionem
1331 602 1430 662 vendi·

309 706 421 766 tionem
444 705 617 781 spectantis.

396 827 424 884 4.
453 824 599 896 ocurrer,
628 824 736 884 inscrr.
756 841 886 900 ¹grecqu.
912 824 953 884 du
976 825 1098 885 Louvre
1120 823 1178 884 No.
1190 827 1240 886 49.
1284 823 1430 896 Dubitari,

311 927 389 987 inter
412 928 497 987 cuins
521 928 640 1004 generis
670 927 775 987 titulos
803 927 996 987 collocandus
1019 926 1058 986 sit
1080 925 1248 1003 Olymensis
1270 926 1320 986 hic
1341 927 1431 1005 lapis;

311 1029 363 1090 sed
379 1049 447 1090 oum
462 1029 673 1107 populiscitum
690 1030 848 1101 contineat,
871 1048 932 1106 quo
948 1029 1126 1103 decernitur,
1149 1033 1182 1088 ut
1198 1030 1277 1090 bona
1298 1031 1433 1090 emantur

311 1150 397 1194 sacra
426 1132 567 1209 pecunia,
597 1133 750 1193 hocloco
781 1150 847 1192 eum
878 1131 1057 1193 enumeravi.
1111 1133 1196 1192 Duae
1226 1136 1327 1209 partes
1356 1133 1432 1193 tituli

312 1236 402 1313 plane
430 1234 510 1295 inter
537 1252 605 1295 sese
634 1233 747 1294 divisae
777 1238 863 1307 suni,
898 1252 1025 1312 quarum
1056 1235 1187 1310 priorem
1215 1234 1433 1311 populiscitnm,

312 1338 437 1398 alteram
459 1354 538 1413 quac
560 1337 695 1397 instituta
718 1339 789 1396 suut
811 1335 975 1397 secundum
999 1334 1093 1414 illud,
1114 1337 1269 1396 continere
1291 1335 1434 1396 videmus.

313 1441 353 1502 Ut
375 1439 440 1500 fieri
463 1439 557 1516 possit
579 1439 705 1516 emptio,
732 1438 757 1498 si
784 1457 844 1498 non
867 1437 980 1498 sufficit
1001 1439 1129 1515 pecnnia
1152 1439 1181 1498 in
1205 1439 1321 1499 aerario
1345 1437 1434 1517 depo·

312 1543 378 1620 sita,
400 1541 530 1618 eligendi
546 1545 616 1602 sunt
638 1535 855 1620 κτημοτοῖινοιι
871 1535 909 1616 (r.
924 1539 1003 1601 inira
1025 1558 1052 1618 p.
1070 1540 1123 1613 37)
1146 1541 1286 1601 coivium
1303 1559 1434 1613 numero,

314 1646 365 1722 qui
394 1645 541 1723 pecuniae
570 1648 686 1705 tantum
716 1646 835 1704 sumunt
858 1661 875 1702 a
897 1644 989 1705 Sibilo
1012 1643 1141 1720 quodam
1172 1644 1298 1721 aliisque
1328 1662 1434 1721 argen-

313 1748 406 1822 tariis,
430 1732 513 1806 ὅσον
537 1731 580 1806 ἂν
602 1739 753 1826 elisium
775 1738 821 1816 εἰς
842 1735 906 1824 τὴν
924 1734 1032 1825 τιμήν.
1077 1745 1210 1806 Alteram
1226 1746 1304 1806 tituli
1319 1748 1435 1823 partem

314 1850 387 1910 inde
410 1851 545 1910 avelli
567 1866 665 1926 usque
689 1849 727 1908 ad
746 1847 847 1924 tinem,
870 1848 980 1909 civium
1004 1848 1167 1908 electorum
1189 1847 1343 1908 continere
1365 1865 1437 1907 enn-

316 1953 508 2013 merationem
530 1951 680 2012 videlicet.
733 1951 839 2012 Utrum
870 1952 978 2011 amissa
1008 1952 1046 2010 sil
1072 1969 1108 2011 ea
1130 1968 1201 2027 pars
1223 1950 1436 2027 inscriptionis,

315 2072 375 2131 qua
397 2054 506 2115 factam
530 2071 597 2115 esse
611 2054 705 2131 ipsam
722 2053 900 2130 emptionem
915 2053 1037 2131 publice
1052 2054 1272 2130 promulgatur,
1293 2071 1332 2113 an
1347 2052 1439 2113 tuerit

315 2159 372 2218 hoc
395 2158 484 2218 alteri
507 2155 600 2234 lapidi
623 2157 758 2232 incisum,
780 2175 860 2217 nnnc
882 2155 1013 2217 discerni
1037 2174 1096 2216 non
1119 2156 1177 2215 iam
1200 2159 1307 2233 potest.

400 2297 428 2355 5.
456 2294 524 2353 Ber.
554 2292 609 2353 der
638 2292 717 2353 Berl.
746 2291 843 2353 Akad.
861 2295 941 2354 1877
969 2310 999 2369 p.
1013 2295 1084 2355 474.
1136 2293 1194 2352 Ηίο
1223 2291 1328 2352 titulus
1357 2292 1438 2369 opud

315 2397 492 2474 Byzantium
515 2395 545 2454 in
568 2395 663 2455 lucem
686 2395 821 2472 prolatus
844 2395 902 2456 hoe
924 2395 991 2455 loco
1013 2397 1172 2472 propterea
1191 2392 1368 2454 tractandus
1384 2399 1440 2472 cst,

316 2497 397 2575 quod
418 2497 559 2578 emptoris
582 2499 692 2558 mentio
716 2517 774 2558 non
798 2496 845 2569 fit;
869 2516 947 2576 qnae
970 2501 1133 2575 supersunt
1147 2497 1186 2557 ad
1201 2485 1355 2558 decretum
1370 2515 1439 2575 per·

315 2603 411 2660 tinent
433 2601 469 2660 de
491 2600 652 2660 vendendo
676 2599 834 2661 duodecim
851 2599 973 2660 deornm
990 2600 1168 2660 sacerdotio.
1211 2598 1364 2660 Audacius
1379 2597 1441 2659 ior·

316 2709 394 2764 tasse
417 2722 476 2763 non
500 2708 546 2763 est
567 2703 730 2781 suspicari,
758 2705 786 2763 in
815 2702 874 2762 fine
896 2703 974 2762 tituli
996 2721 1057 2762 nna
1079 2721 1145 2762 cnm
1168 2702 1280 2763 ultimis
1302 2702 1440 2762 versibus

315 2807 456 2866 amissum
480 2823 545 2865 csse
568 2808 710 2882 emptoris
725 2824 841 2882 nomen,
864 2804 945 2882 qnod
962 2805 1102 2866 extremis
1118 2804 1252 2865 versibus
1267 2805 1440 2881 appositum

315 2926 379 2968 esse
402 2907 432 2967 in
455 2908 542 2967 tilulo
567 2890 677 2985 Άθήν.
698 2908 752 2968 Vll
773 2927 801 2984 p.
819 2911 880 2969 207
904 2906 1095 2967 statuendum
1118 2910 1171 2966 est.

401 3026 559 3087 Secundi
582 3027 733 3102 generis
755 3025 843 3086 hasce
867 3027 966 3086 inveni
989 3025 1209 3105 inscriptiones,
1231 3043 1357 3101 quarum
1381 3025 1442 3101 pri·

272 3127 274 3131 ’
316 3148 379 3190 mas
401 3130 550 3193 nominem
574 3130 775 3206 Mylasenses:
1510 3103 1511 3130 ¹

397 3255 429 3330 Ι1.
461 3250 504 3310 Le
527 3251 586 3308 Bas
607 3249 626 3307 1.
643 3269 667 3309 c.
683 3251 740 3327 Ill,
758 3250 815 3311 No.
830 3253 893 3312 414
916 3255 946 3309 et

402 3373 430 3430 2.
465 3368 533 3428 ibid.
558 3368 610 3443 111,
633 3370 688 3429 No.
704 3371 777 3429 415.
821 3369 908 3429 Prior
930 3369 1006 3446 lapis
1028 3370 1115 3430 nimis
1137 3368 1258 3428 mutilus
1274 3372 1329 3445 est,
1350 3385 1443 3445 quam
1510 3393 1511 3436 3

318 3476 352 3530 nt
375 3473 490 3547 omnia,
513 3488 591 3547 quae
614 3471 747 3546 inerant,
777 3490 832 3547 pro
856 3475 937 3531 certo
961 3471 1116 3534 restituere
1139 3471 1302 3547 possimus,
1323 3469 1377 3554 sed
1401 3471 1443 3530 la·
1510 3517 1511 3556 3

316 3592 409 3638 cunas
439 3591 476 3640 en
514 3573 646 3633 ciusdem
675 3572 752 3632 tituli
783 3573 878 3634 altera
908 3579 1009 3651 parte,
1041 3591 1118 3650 qnae
1149 3573 1321 3633 continetur
1351 3572 1441 3632 titulo
1510 3577 1511 3592 Ι

316 3679 377 3737 415
393 3677 412 3734 Ι.
429 3695 463 3753 c.,
493 3694 559 3736 cum
591 3675 682 3735 multo
705 3676 811 3736 melius
834 3680 954 3737 servata
976 3677 1029 3752 sit,
1059 3677 1180 3754 explere
1210 3674 1326 3736 studuit
1349 3674 1444 3735 Wad-

316 3779 449 3855 dington.
500 3761 753 3855 'Orcopxovris'oov
782 3766 874 3858 φυλή
913 3777 1023 3843 bonum
1056 3776 1207 3854 quoddam
1238 3775 1324 3854 emit,
1356 3777 1445 3836 cuius

317 3898 424 3948 nomen
455 3883 501 3940 est
533 3868 768 3959 .Δημήτριον“.
820 3878 943 3955 Omnia,
980 3897 1059 3956 quae
1090 3880 1126 3938 ad
1159 3897 1221 3940 ram
1252 3877 1444 3940 vendendam

316 3983 525 4058 pertinebant,
545 3982 626 4041 Iovis
648 3983 678 4044 in
703 3999 808 4043 manns
830 3983 1001 4059 transiisse,
1027 3983 1155 4042 formula
1177 3983 1206 4041 in
1230 3981 1325 4042 titulis
1349 3981 1446 4059 Myla-

316 4085 455 4145 sensibus
478 4085 598 4160 saepius
620 4085 753 4150 adhibita
778 4067 905 4156 ,cnidio
926 4071 1197 4162 ὑπολειπομένου
1219 4072 1360 4143 ἓουτῶι“
1386 4084 1447 4160 sig·

317 4187 463 4247 uideatur.
514 4187 599 4261 Quae
630 4191 812 4264 sequnntur:
846 4176 955 4269 ,μιλὴν
983 4184 1054 4246 τῶν
1084 4180 1448 4266 διαμφισβητουμένων

317 4286 409 4348 κτλ.“
435 4288 493 4349 alio
515 4290 581 4348 loco
605 4287 834 4348 commentanda
856 4293 927 4348 sunt
950 4287 1000 4357 (ci.
1015 4307 1044 4365 p.
1060 4290 1121 4359 29).
