3062 4962
1199 341 1239 400 21

116 486 199 582 ἆ]πὸ
223 495 259 560 δὲ
274 494 497 580 ΝΙαυσινίκου
521 490 710 585 ἄρχο[ντ]ος
731 489 776 582 μὴ
801 495 921 580 ἐξεῖναι
942 522 1023 586 μητε
1047 498 1137 585 ῑδΙίαι
1158 492 1243 586 μήτε

115 595 299 684 δημοσ[ἱ]αι
315 587 503 685 Ἀθηναίων
517 599 635 685 μηδενὶ
658 595 892 685 ἐγὶκτήσασθαι
911 598 950 666 ἐν
963 598 1062 688 τ[α]ῑς
1077 605 1148 668 τῶν
1165 621 1244 687 συμ-

113 692 233 784 μάχων
253 699 400 787 χωρίαιΙς
427 697 511 787 μήτε
541 701 654 768 οἰκίαν
681 699 763 789 μήτε
792 704 919 788 χωρίον
940 701 1024 789 μήτε
1046 705 1243 792 πριαμέὶνωι

113 794 196 888 μήτε
219 796 466 891 incarminans
486 800 569 890 μήτε
592 799 700 871 diioui
721 799 863 892 tpdrrmlt
885 808 1009 894 μηθενὶ
1029 812 1104 872 κτλ.
1133 833 1141 886 ,²

201 912 247 972 Dc
270 914 311 973 eis
327 913 425 986 rebus,
448 932 525 990 quas
544 915 681 976 venditas
697 933 763 976 esse
780 935 817 976 ex
832 916 905 993 ipsis
920 917 1015 976 titulis
1031 917 1242 995 intellegimus,

117 1016 176 1074 iam
199 1016 293 1077 verba
314 1015 451 1077 iacienda
474 1021 551 1077 suut.
596 1017 630 1077 Id
654 1019 813 1095 emptionis
836 1019 1016 1078 venditionis
1031 1038 1137 1097 genus,
1160 1020 1243 1097 qnod

114 1119 288 1196 appellatur
316 1114 481 1199 καπηλεία
512 1120 655 1198 quodque
682 1121 790 1181 cotidie
822 1123 851 1180 in
874 1119 939 1182 foro
961 1121 1066 1200 fiebat,
1096 1123 1242 1184 hocloco

117 1221 207 1298 plane
230 1221 452 1299 neglegendum
468 1240 543 1304 ¹esse
565 1241 652 1284 nemo
676 1223 806 1302 negabit,
828 1224 980 1301 qnoniam,
1004 1225 1053 1285 ubi
1078 1226 1174 1285 statim
1198 1243 1244 1286 so·

114 1325 213 1384 lutum
236 1328 301 1384 erat
323 1324 460 1402 pretium,
475 1345 544 1424 ,non
567 1345 643 1403 opus
666 1330 732 1387 erat
754 1327 948 1406 inscriptione
970 1327 1064 1404 lapidi
1084 1327 1242 1407 insculpta.
1354 1334 1356 1339 ’

200 1447 221 1506 Ι.
251 1446 462 1507 Immobilia.

199 1550 245 1610 De
284 1549 435 1626 domibus,
480 1548 597 1626 fundis,
643 1549 753 1628 hortis,
791 1549 935 1610 similibus
973 1551 1112 1628 plerique
1148 1556 1244 1628 agunt

112 1652 191 1712 tituli
222 1652 308 1712 nobie
345 1653 467 1712 servati.
524 1653 618 1713 Multo
653 1654 772 1713 maioris
806 1653 949 1730 ponderis
982 1671 1049 1712 oum
1080 1657 1162 1714 esset
1193 1671 1243 1714 res

114 1754 288 1829 vendenda,
318 1757 409 1832 atque
439 1756 567 1832 pretium
599 1774 659 1817 non
690 1757 748 1815 iam
771 1755 917 1833 pactionis
949 1755 996 1815 die
1024 1759 1118 1816 totum
1148 1758 1244 1833 pensi-

113 1862 209 1918 tatum
232 1857 324 1918 fuisse
346 1861 578 1918 consentaneum
600 1860 650 1937 sit,
672 1858 863 1919 condiciones
889 1861 1062 1918 contractus
1084 1859 1177 1936 lapidi
1200 1861 1243 1918 in·

113 1962 209 2038 sculpi
234 1961 415 2038 publiceque
439 1961 580 2022 collocari
604 1979 725 2022 necesse
748 1966 821 2022 erat.
859 1961 991 2034 Quarum
1014 1961 1241 2038 inscriptionum

112 2065 276 2142 plerasque
307 2065 348 2123 ita
379 2064 474 2123 factas
505 2083 571 2124 esse
594 2064 745 2139 videmus,
775 2068 809 2123 ut
837 2063 931 2123 altera
961 2081 1033 2140 pars
1063 2065 1243 2124 universitas

116 2167 265 2244 quaedam
288 2171 376 2245 esset,
404 2167 490 2226 cuius
512 2168 592 2227 vices
615 2166 727 2226 obeunt
749 2166 949 2243 magistratus,
972 2164 1009 2224 de
1032 2166 1141 2243 quibus
1163 2166 1243 2226 infra

114 2268 276 2329 dicendum
299 2271 352 2328 est.
401 2268 458 2329 Sed
489 2269 576 2328 etiam
606 2270 771 2345 emptiones
794 2267 984 2329 venditiones
1006 2269 1084 2328 inter
1105 2267 1240 2345 privatos

113 2373 202 2432 initas
219 2371 370 2448 lapidibus
385 2371 495 2432 incisas
511 2389 585 2444 esse,
607 2371 866 2450 Amphipolitanos
882 2371 931 2431 ille
947 2371 1051 2431 titulus
1067 2372 1193 2432 Hermes
1205 2372 1241 2477 ll,

112 2494 141 2553 p.
156 2477 215 2536 171
240 2473 435 2534 demonstrat.

199 2595 237 2655 11.
267 2595 451 2671 Homines,

112 2697 166 2774 qui
188 2702 278 2757 antea
308 2697 355 2756 sui
385 2697 457 2756 iuris
487 2699 588 2772 erant,
617 2695 717 2755 varias
746 2696 783 2755 ob
807 2713 915 2756 causas
936 2695 1084 2755 venditari
1107 2696 1242 2771 potuisse

112 2818 179 2860 cum
202 2799 401 2875 scriptoribus
424 2802 487 2858 tum
511 2799 605 2858 titulis
621 2799 774 2873 probatur.
818 2797 903 2871 Quae
926 2797 1008 2874 apud
1032 2798 1100 2857 illos
1123 2798 1160 2857 de
1185 2797 1242 2858 hac
1366 2835 1369 2842 -

113 2921 147 2962 re
170 2902 279 2976 inveni,
302 2903 377 2961 baec
400 2903 478 2961 sunt.

199 3002 346 3064 Boeckh
370 3002 399 3076 (l.
416 3022 440 3062 c.
456 3004 477 3075 l,
501 3023 530 3080 p.
542 3003 617 3072 446)
641 3001 743 3078 docet,
774 3005 938 3061 metoecum
962 3001 1189 3078 Atheniensem,
1217 3002 1243 3061 si

111 3105 274 3182 vectigalia
303 3105 414 3166 civitati
437 3124 496 3164 non
520 3105 743 3181 pensitaviseet‚
774 3102 960 3163 venditatum
984 3121 1057 3162 esse.
1100 3105 1174 3163 Item
1198 3105 1241 3162 in-

112 3209 195 3269 colas
232 3209 349 3268 urbium
387 3208 606 3285 regionumque
643 3207 680 3266 ab
717 3206 853 3266 hostibus
890 3209 1044 3283 captarum
1074 3205 1241 3266 libertatem

112 3312 248 3372 amisisse
270 3328 387 3388 suoque
408 3312 473 3371 iure
497 3311 630 3388 privatos
654 3327 720 3370 esse
743 3309 816 3368 satis
838 3299 993 3387 constat.¹)

199 3413 295 3474 Nobis
318 3413 375 3473 hoc
400 3414 465 3473 loco
489 3413 697 3472 demonstrare
712 3411 898 3488 propositum
920 3413 972 3486 est,
996 3411 1084 3470 etiam
1101 3410 1134 3470 in·
1148 3409 1241 3470 titulis

112 3536 174 3578 non
207 3516 312 3576 deesse
342 3515 567 3575 crudelissimae
598 3514 678 3574 illius
708 3515 823 3590 antiqui
847 3513 920 3572 iuris
943 3512 1169 3572 consuetudinis
1192 3529 1242 3572 ve·

112 3621 220 3698 stigia;
244 3619 361 3678 duabus
384 3617 461 3679 enim
485 3617 801 3677 Halicarnassensibus
829 3616 1051 3676 demonstratur
1073 3614 1242 3691 inscriptio·
1307 3665 1309 3670 .

112 3723 217 3798 nibus,
241 3723 313 3781 eatis
336 3721 473 3781 usitatam
498 3721 591 3780 fuisse
614 3721 691 3779 hauc
713 3719 858 3779 rationem
883 3721 961 3780 iuter
984 3718 1129 3796 Graecos,
1151 3735 1241 3794 quam
1334 3743 1336 3748 v

112 3826 196 3904 apud
228 3824 413 3885 crudeliores
444 3822 642 3900 rudioresque
673 3823 822 3882 Romanos
852 3822 941 3897 longe
971 3821 1082 3881 diutius
1112 3819 1242 3880 valuisse

111 3929 223 3990 scimus
251 3927 339 3987 etiam
370 3926 399 3984 in
429 3926 493 3985 iure
523 3925 650 4001 privato.
696 3925 741 3984 De
764 3925 889 3984 Romani
912 3923 983 3982 iuris
1006 3922 1119 4000 forma,
1150 3941 1241 3998 quam

112 4031 309 4109 appellabant
330 4020 487 4107 „nexum“,
508 4026 681 4102 praeclaras
702 4026 965 4087 commentationes
982 4043 1049 4085 cum
1065 4025 1240 4102 scripserint

113 4165 319 4176 ——---..

205 4229 226 4293 ¹)
242 4224 373 4294 Xenoph.
392 4226 496 4296 Cyrop.
508 4223 572 4287 Vll,
586 4228 664 4293 5,'13.
700 4223 848 4279 Memorab.
860 4221 897 4292 Il,
911 4226 934 4292 2,
947 4227 972 4277 2.
1006 4222 1106 4292 Polyb.
1118 4221 1154 4292 ll,
1167 4226 1207 4291 58,
1217 4225 1242 4277 9.

111 4313 186 4368 Plut
198 4311 260 4367 llic.
274 4315 313 4366 15.
