3062 4962
1198 367 1237 426 37

111 531 243 591 virorum
268 534 402 610 nomina;
434 532 472 593 de
495 535 651 593 lamiarum
675 552 797 594 munere
821 534 857 594 cf.
881 534 1015 612 Boeckh‚
1036 536 1200 598 Stautshsh.
1216 539 1236 608 l,

112 653 142 710 p.
158 639 219 696 217
233 655 299 713 sqq.

200 739 368 816 Delphis
401 739 569 817 antiquiore
601 741 699 799 astate
733 758 911 816 quamquam
946 759 1103 801 servorum
1136 759 1237 801 manu·

114 839 284 901 missionem
309 860 412 901 veram
430 843 593 924 ‚emptionis
616 839 797 902 venditionis
819 843 986 919 pactionem
1017 842 1106 903 fuisse
1133 842 1237 903 verisi-

114 943 182 1002 mile
200 946 253 1015 est,
275 943 492 1019 posterioribus
514 949 614 1003 tamen
636 944 819 1020 temporibus
842 945 870 1004 in
895 945 1090 1006 dedicationis
1112 945 1237 1004 formam

114 1044 211 1121 magis
245 1046 399 1122 magisque
429 1046 608 1106 mutabatur.
661 1045 761 1118 Quare
789 1045 899 1106 factum
931 1052 991 1122 est,
1022 1052 1055 1107 ut
1084 1048 1114 1106 in
1143 1047 1237 1107 titulis

111 1165 217 1207 eorum
249 1149 477 1224 magistratuum
507 1149 643 1226 nomina,
675 1149 725 1225 qni
755 1149 974 1226 universitatis,
1003 1150 1021 1208 i.
1037 1167 1061 1208 e.
1090 1149 1237 1226 Apollinis

109 1251 231 1327 templi,
253 1251 334 1311 vices
357 1253 426 1310 olim
450 1251 589 1328 obibant,
611 1270 671 1311 non
694 1251 751 1310 iam
775 1251 978 1312 inveniuntur.
1022 1252 1237 1329 Unusquisque

108 1352 213 1412 titulus
244 1354 366 1412 testium
398 1352 547 1430 quendam
579 1354 714 1412 continet
735 1371 904 1428 numerum,
932 1354 983 1430 qui
1005 1352 1097 1413 firmis
1120 1354 1236 1430 legibus

108 1456 290 1514 constitutus
307 1454 398 1515 fuisso
421 1471 480 1515 nou
504 1455 624 1514 videtur
652 1458 776 1532 propter
799 1473 936 1531 magnam
961 1474 1156 1516 numerorum
1178 1454 1236 1516 dia·

108 1557 306 1636 crepantiam
330 1559 408 1617 inter
423 1576 500 1634 quos
516 1561 615 1633 testes,
643 1558 781 1634 quoniam
799 1575 917 1634 semper
932 1557 995 1618 fere
1011 1557 1238 1636 distinguuntur

110 1678 178 1718 cum
210 1651 306 1736 ἱερεῖς
337 1664 368 1720 et
400 1647 573 1739 ἄρχοιαες,
603 1652 835 1735 domitiacinse,
867 1660 1025 1721 credamus
1055 1661 1133 1722 forte
1156 1660 1236 1738 licet,

109 1761 283 1822 sacerdotes
307 1763 453 1839 Apollinis
476 1762 540 1822 loco
563 1763 631 1823 olim
654 1762 774 1822 functos
798 1780 872 1839 esse,
895 1764 977 1823 cives
1001 1765 1100 1823 autom
1116 1764 1234 1824 testium

109 1865 205 1924 solum
231 1883 338 1924 munus
362 1865 540 1938 obtinuisse,
573 1884 698 1942 quorum
730 1868 891 1941 utrumque
915 1883 1023 1925 munus
1045 1865 1235 1940 officiumque

108 1969 138 2026 in
163 1985 256 2027 unum
279 1970 384 2044 postea
408 1967 575 2028 concidisse
598 1967 758 2028 verisimile
781 1967 852 2026 mihi
875 1967 1003 2027 videtur.

195 2071 241 2130 De
272 2071 562 2148 Mylasensium
594 2088 650 2130 usu
682 2073 743 2130 tres
774 2074 869 2146 agunt
899 2069 975 2129 tituli
1007 2070 1083 2129 Bull.
1109 2069 1135 2128 d.
1160 2088 1235 2130 corr.

108 2172 179 2231 hell.
200 2173 233 2244 V,
263 2192 291 2249 p.
310 2175 370 2233 108
381 2191 445 2248 sqq.
470 2173 504 2249 A,
527 2174 560 2250 B,
583 2172 612 2234 O.
670 2173 739 2231 Non
772 2171 890 2247 dubito,
920 2173 992 2247 quin
1023 2171 1134 2231 eisdem
1164 2172 1236 2231 viris

108 2273 251 2334 mandata
274 2273 364 2334 fuerit
387 2293 454 2334 eum
470 2277 580 2352 emptio
596 2274 729 2334 venditio
745 2277 808 2333 tum
825 2273 1039 2351 emphyteusis,
1062 2275 1080 2332 i.
1096 2292 1121 2334 e.
1142 2279 1212 2332 τοῑ
1218 2292 1235 2344 ς

107 2361 432 2456 κτηματιίναις,
464 2379 515 2454 qui
544 2376 697 2453 eliguntur
720 2375 885 2436 seeundum
908 2376 1120 2452 populiscitum
1143 2376 1235 2436 titulis

107 2479 284 2556 inscriptum
316 2498 354 2538 ex
385 2481 492 2538 civium
529 2498 654 2539 numero
685 2478 741 2553 (Le
766 2481 825 2538 Bas
855 2481 911 2538 No.
927 2482 989 2541 415
1020 2497 1046 2536 v.
1062 2477 1103 2551 4).
1158 2479 1234 2538 Item

108 2587 201 2659 atque
229 2582 258 2640 in
281 2581 328 2642 his
351 2583 445 2641 titulis
467 2567 689 2661 suppressuras
713 2582 867 2642 curavisse
890 2581 1058 2657 pactionem
1082 2599 1119 2640 ex
1142 2581 1234 2640 titulis

107 2687 152 2744 Le
168 2686 227 2744 Bas
244 2685 285 2743 lll
301 2688 365 2746 414
389 2689 419 2744 et
441 2687 503 2745 415
527 2684 677 2744 docemur.
730 2685 902 2744 Locationis
926 2683 1134 2744 conductionis
1158 2701 1235 2742 mer-

108 2787 212 2847 cedem
236 2792 307 2858 τοϊς
328 2783 389 2864 τῆς
411 2782 520 2867 φυλῆς
541 2781 671 2864 ταμίαις
692 2787 865 2846 solvendam
891 2785 984 2846 fuisse
1007 2805 1044 2845 ex
1059 2785 1145 2846 titulo
1160 2785 1236 2845 Bull.

107 2891 124 2949 l.
143 2909 168 2950 c.
191 2891 215 2950 A
238 2909 266 2948 v.
284 2895 322 2951 17
347 2895 480 2967 apparet.
815 2957 816 2960 Ἴ

195 2993 430 3069 Olymenses
461 2993 586 3053 eandem
616 2992 678 3052 fere
712 2992 830 3051 locandi
870 2991 1056 3052 conducendi
1087 2991 1233 3051 rationem

106 3100 228 3156 secutos
259 3113 324 3155 esse
357 3113 445 3172 quam
477 3096 672 3171 Mylasenses,
700 3095 792 3154 Euler
816 3094 1032 3153 demonstravit
1056 3088 1085 3168 (l.
1102 3113 1125 3154 c.
1149 3112 1176 3170 p.
1193 3091 1235 3172 9),

107 3217 209 3275 neque
232 3198 347 3276 dubito,
370 3199 441 3274 quin
459 3197 616 3275 utriusque
640 3199 722 3256 urbis
745 3197 831 3258 etiam
847 3197 877 3255 iu
895 3197 1044 3272 emptione
1059 3195 1232 3257 venditione

108 3300 294 3361 consuetudo
310 3301 401 3360 fuerit
416 3301 580 3359 simillima:
604 3301 741 3360 Frdhner
763 3301 781 3359 l.
797 3319 820 3359 c.
843 3301 899 3360 No.
917 3302 974 3360 49:
997 3299 1088 3360 Sacra
1104 3299 1233 3376 quadam

106 3403 238 3480 pecunia
260 3402 339 3462 bona
362 3407 499 3462 emuntor
521 3421 576 3479 per
600 3404 679 3463 viros
703 3403 815 3463 electos
839 3421 855 3462 e
878 3401 987 3461 civium
1010 3419 1133 3462 numero
1157 3421 1184 3462 v.
1199 3407 1232 3462 4:

110 3493 291 3581 ,δεδόχθαι
305 3499 368 3562 τῶι
391 3493 496 3584 dripere
518 3494 656 3563 ἑλέσθαι
680 3489 803 3582 ἄνδρας
826 3495 863 3560 ἐκ
878 3498 940 3561 rod
964 3491 1102 3582 oppam,
1125 3503 1185 3580 qui,
1208 3503 1233 3562 si

107 3608 238 3685 pecunia
261 3608 289 3666 in
314 3608 414 3683 templi
438 3609 554 3667 aerario
578 3607 716 3684 deposita
738 3624 797 3666 non
822 3605 966 3678 sufficiat,
996 3608 1032 3666 ab
1055 3606 1232 3683 argentariis

106 3713 227 3771 sumant
253 3696 353 3781 „door
375 3694 418 3768 liv
441 3702 590 3792 ἐλλείπηι
613 3701 658 3780 εἷς
680 3693 743 3788 τήν
765 3692 897 3787 τιμήν“.
941 3709 986 3768 lix
1001 3707 1103 3768 verbis
1130 3694 1233 3787 ,ἡιρέ-

109 3811 224 3890 θησαν
244 3808 470 3892 κτηματῶναι,
494 3803 526 3870 οἱ
550 3805 585 3871 δὲ
609 3797 708 3871 αὐτοὶ
731 3806 787 3869 καὶ
808 3805 995 3890 μισθωταὶ“
1021 3811 1111 3888 plane
1127 3812 1233 3889 elucet,

107 3915 317 3993 emphyteusin
340 3935 460 3993 quoque
484 3935 534 3976 cos
557 3917 726 3993 curavisse,
757 3915 838 3992 quod
862 3914 985 3991 Mylasis
1007 3899 1036 3973 in
1060 3931 1117 3974 usu
1140 3913 1233 3974 fuisse

104 4020 163 4077 iam
187 4018 324 4077 vidimus.
368 4019 464 4077 Etiam
488 4019 515 4077 in
539 4019 626 4077 titulo
643 4018 686 4076 Le
702 4019 760 4076 Bas
776 4019 827 4090 ΙΙΙ,
844 4020 905 4080 338
929 4018 1119 4076 nominantur
1139 4032 1233 4095 πκτη-

105 4115 259 4198 ματῶααι
289 4112 457 4199 εἰρημένοι
486 4104 555 4178 ὑπὸ
585 4114 648 4176 τοῦ
677 4108 814 4197 δήμου“.
866 4121 912 4178 De
941 4135 1016 4179 voce
1044 4118 1109 4195 ipsa
1136 4136 1232 4194 usque

108 4221 207 4283 adhuc
230 4222 318 4298 plane
341 4223 442 4298 ignota
465 4222 502 4281 oi.
526 4221 734 4282 adnotationes
756 4221 794 4280 ad
818 4222 862 4284 tit.
884 4222 928 4283 Le
951 4223 1009 4280 Bas
1031 4221 1088 4280 No.
1105 4221 1175 4282 338.

194 4324 282 4403 Apud
320 4325 648 4385 Halicarnassios
671 4319 843 4403 [tNevton²
873 4325 939 4385 Ess.
961 4341 989 4401 p.
1010 4321 1162 4400 427sqq.)
1192 4313 1233 4380 ol
