3062 4962
306 337 325 394 s

393 503 439 563 De
461 502 518 562 hae
533 500 772 561 manumissionis
787 501 903 560 ratione
917 501 1029 576 optime
1044 499 1251 560 disseruerunt
1272 499 1427 560 Foucar't

307 602 442 679 (Archiv.
465 603 493 663 (1.
516 603 593 663 miss
617 602 741 662 scientis
759 603 807 662 11⁰
821 602 898 663 stris
921 602 973 679 111,
995 621 1024 678 p.
1040 604 1101 664 175
1114 597 1193 679 sqq.)
1223 605 1253 662 et
1281 601 1426 662 Wallon

308 705 396 781 (Hist.
418 706 455 766 de
477 697 657 784 l’esclavage
680 704 755 765 dens
776 704 945 782 l'antiquite
967 705 988 776 1,
1010 723 1039 781 p.
1055 705 1118 766 334
1129 702 1217 782 squ).

392 809 512 869 Titulus
534 807 565 870 0.
580 807 604 868 1.
619 808 655 869 h.
671 808 709 881 11,
737 802 919 886 N0.14⁸¹³⁰,
957 807 994 869 de
1025 825 1086 885 quo
1116 808 1276 869 Kirchhoff
1307 808 1430 886 dubitet,

193 983 196 988 y
308 917 410 988 utrum
431 910 470 972 ad
493 912 672 989 emptionem
695 912 899 972 venditionem
928 930 967 972 au
997 910 1035 971 ad
1058 910 1237 972 locationem
1259 910 1429 972 conductio·

308 1033 377 1076 nem
399 1018 525 1092 spectet,
547 1017 673 1092 propter
693 1013 871 1074 vocabulum
896 1007 1094 1092 ,μίσθωσις“
1121 1012 1151 1088 (a
1167 1032 1209 1074 vs.
1227 1018 1274 1086 19,
1298 1014 1375 1075 bvs.
1387 1014 1429 1087 4),

310 1116 349 1178 ad
371 1117 624 1195 emphyteuticam
647 1115 797 1195 quandam
820 1117 990 1192 pactionem
1012 1115 1191 1177 referendus
1214 1120 1268 1177 ost.

394 1219 562 1297 Emptiouis
589 1218 774 1280 venditionis
804 1218 973 1295 pactionem
1003 1219 1033 1278 iu
1063 1219 1157 1278 titulis
1185 1236 1277 1297 supra
1299 1218 1437 1279 collectis.

309 1322 351 1384 ita
373 1321 437 1383 fleri
458 1321 605 1399 videmus,
627 1325 661 1381 ut
683 1327 785 1399 partes
809 1322 1020 1382 contrahentes
1043 1322 1102 1381 sint

395 1443 417 1502 Ι.
446 1441 749 1503 Universitates
772 1439 921 1518 quaedam
944 1444 974 1500 et
996 1440 1145 1517 privati
1168 1441 1348 1501 homines.

330 1542 360 1618 a)
384 1545 539 1606 Civitas
561 1547 591 1604 et
613 1544 778 1622 privati:
801 1548 919 1640 3-l3,
943 1546 991 1615 15,
1015 1547 1063 1618 16,
1088 1546 1231 1606 18-10,

330 1647 361 1717 hl
384 1647 585 1723 Templum
617 1651 647 1707 et
674 1646 843 1724 privati:
874 1650 923 1722 14,
953 1650 1002 1724 17,
1029 1646 1107 1706 tituli
1136 1645 1175 1706 de
1202 1645 1434 1707 manumissione

383 1768 549 1812 servorum.

403 1871 440 1931 11.
469 1869 629 1930 Privati
651 1870 842 1930 homines:
866 1874 893 1945 1,
915 1873 944 1930 ν.

393 1973 441 2034 hd
472 1971 650 2051 explicanda
679 1972 834 2033 titulorum
866 1991 990 2048 genera,
1021 1973 1073 2049 qui
1103 1970 1188 2032 nobis
1215 1970 1252 2032 de
1275 1970 1435 2049 emptionis

309 2076 491 2139 venditionis
513 2075 703 2152 pactionibus
726 2075 839 2136 servati
855 2079 934 2152 sunt,
957 2073 1153 2150 disquirenda
1167 2077 1239 2134 sunt
1254 2092 1322 2133 cnm
1337 2073 1435 2134 Theo·

309 2180 424 2258 phrasti
440 2179 477 2240 de
493 2197 529 2240 sa
543 2197 576 2239 ro
594 2177 696 2250 verba,
712 2182 773 2238 tum
791 2196 833 2250 ea,
849 2195 926 2254 quae
942 2195 980 2238 ex
995 2177 1069 2255 ipsis
1084 2176 1177 2237 titulis
1200 2176 1340 2255 colligere
1356 2177 1436 2237 licet.

395 2281 618 2359 Promulgatam
639 2279 841 2341 venditionem
864 2279 933 2340 ideo
956 2280 1163 2356 intellegimus,
1185 2282 1219 2339 ut

396 2406 423 2463 1.
445 2401 471 2461 Ii
493 2402 588 2462 solum
603 2399 716 2461 inirent
730 2401 907 2477 pactionem,
930 2399 1039 2476 quibus
1060 2416 1146 2460 omne
1162 2399 1208 2458 ius
1223 2402 1303 2459 esset
1318 2398 1438 2458 emendi

310 2507 340 2564 et
361 2501 530 2580 vendendi,
553 2521 652 2580 neque
674 2502 860 2563 violarentur
882 2503 941 2578 alii,
963 2503 1014 2579 qui
1036 2501 1150 2579 aliquid
1167 2501 1245 2562 iuris
1268 2519 1300 2562 se
1321 2501 1438 2562 habere

309 2609 452 2685 putarent
474 2605 517 2666 rei
540 2603 683 2666 emendae
705 2603 891 2668 vendendae.

395 2729 424 2787 2.
446 2727 487 2786 Ut
509 2727 633 2802 emptor,
656 2724 708 2801 qui
730 2724 894 2785 secundum
917 2725 1000 2801 leges
1023 2729 1211 2786 contractum
1233 2724 1315 2803 iniit,
1345 2728 1438 2784 notus

309 2827 396 2889 ficret
425 2826 661 2905 magistratibus3
692 2826 807 2903 lapides
838 2827 931 2904 igitur
960 2827 1130 2887 tabularum
1159 2826 1344 2904 publicarum
1367 2826 1438 2886 loco

309 2930 430 2990 functos
453 2947 520 2990 esse
543 2928 716 2990 concludas.

395 3031 478 3105 Quas
494 3031 721 3108 Theophrastus
742 3032 860 3110 profert
881 3029 1094 3108 promulgandi
1117 3031 1250 3091 rationes
1272 3030 1329 3091 hae
1352 3033 1439 3090 sunt:

395 3155 416 3213 l.
453 3143 494 3212 Oi*
521 3141 582 3230 μὲν
606 3130 670 3212 οὖν
697 3140 778 3212 ὑπὸ
804 3140 986 3230 κήρυκος
1015 3140 1191 3211 κελεύουσι
1216 3148 1348 3220 πωλεῖν
1378 3144 1439 3208 καὶ

308 3243 555 3334 προκηρύττειν
577 3246 616 3314 ἐκ
637 3243 808 3313 πλειόνων
830 3237 967 3333 ἡμεροῦν
989 3298 995 3311 .
1014 3297 1046 3313 ..
1069 3238 1161 3332 παρὰ
1187 3247 1225 3312 δέ
1254 3262 1321 3312 τισι
1351 3269 1440 3331 προ-

309 3341 486 3438 κηρύττειν
507 3345 681 3416 κελεύουοι
702 3346 771 3435 πρὸ
793 3352 857 3415 τοῦ
880 3350 1168 3434 κατακυρωθῆναι
1189 3339 1291 3414 πένθ’
1312 3342 1440 3434 ἡμέρας

309 3455 456 3536 συνεχῶς
473 3457 548 3518 κτλ.
587 3459 646 3519 Per
665 3475 830 3536 praecones
849 3458 968 3535 publice
986 3455 1159 3517 enuntiatur
1174 3458 1284 3518 bonurn
1301 3457 1438 3518 venden-

309 3562 397 3639 dum;
425 3565 540 3622 certum
571 3579 691 3640 quoque
715 3561 828 3620 dierum
855 3577 1011 3619 numerum
1039 3560 1252 3637 legumlatores
1275 3559 1440 3620 nonnullos

310 3665 474 3726 instituisso
490 3665 639 3736 docemur,
656 3682 715 3742 quo
739 3665 790 3724 alii
812 3682 897 3724 suom
912 3662 959 3723 ius
979 3663 1023 3723 rei
1039 3662 1215 3726 vendendae
1230 3663 1440 3724 demonstrare

309 3772 440 3846 possent

395 3886 444 3946 ΙΙ.
467 3877 509 3945 Οἳ
530 3877 566 3944 δὲ
587 3869 667 3963 παρ’
691 3868 774 3963 ἀρχῇ
795 3899 872 3959 τινι,
896 3869 1051 3963 καθάπερ
1073 3878 1130 3944 καὶ
1153 3874 1321 3956 Πιττακὸς
1342 3869 1443 3963 παρὰ

309 3985 479 4063 βασιλεύοι
494 3982 551 4047 καὶ
565 3976 730 4068 πρυτάνει
745 3986 798 4062 (sc.
813 3977 1062 4068 προκηρύττειν
1076 3977 1292 4061 κελεύουσιν).
1333 3975 1441 4048 Ἔνιοι

310 4084 346 4151 dt
366 4078 579 4172 προγράφειν
600 4079 694 4169 παρὰ
714 4086 756 4167 τῇ
777 4073 859 4169 ἀρχῇ
879 4076 948 4169 πρὸ
969 4077 1104 4171 ἡμερῶν
1131 4081 1175 4170 μή
1198 4075 1396 4150 ἐλαττόνων
1420 4076 1441 4168 ἢ

310 4182 483 4272 ἑξήκοντα,
513 4177 672 4270 καθάπερ
702 4175 867 4270 Ἀθήνησι,
898 4189 972 4250 κτλ.
1004 4222 1047 4234 ·-
1076 4193 1200 4253 Publice
1227 4191 1441 4252 collocandum

310 4301 356 4357 est
379 4296 607 4375 documentum,
634 4313 695 4372 quo
726 4295 920 4355 venditores
944 4293 1076 4356 vendere
1098 4293 1174 4356 velle
1196 4312 1257 4354 rom
1281 4293 1442 4372 quandam
