3062 4962
308 355 348 413 18

309 515 442 601 γυναικὶ
457 514 544 600 πέρα
558 513 721 600 μεδίμνου
736 512 887 597 κριδῶνίί
901 517 974 577 κτλ.
1020 516 1205 578 Soboemann
1222 513 1254 593 (l.
1270 537 1295 578 c.
1316 538 1344 595 p.
1357 515 1432 590 571)

306 626 428 702 quidem
460 628 489 685 et
517 623 643 683 Platner
667 619 881 698 (lupata)
912 623 1097 695 existimant,
1127 622 1204 681 sicut
1227 622 1360 693 mulieri,
1389 623 1432 680 ita

309 728 458 805 impuberi
481 728 570 786 etiam
593 727 715 786 licuisse
737 743 836 784 emere
859 729 889 784 et
910 725 1051 801 vendere,
1073 725 1130 783 nisi
1152 725 1250 802 pluris
1272 728 1367 783 staret
1383 742 1433 783 res

308 848 398 907 quam
421 831 511 889 unius
534 828 624 888 modii
647 827 762 886 hordei.
814 829 885 886 Eam
917 828 1093 887 sententiam
1123 845 1160 886 ex
1182 826 1432 903 Harpocratiunis

305 930 439 1006 (Bekkcr
456 935 524 1006 141,
541 929 572 1002 9)
596 931 695 990 νειοῖο
717 931 885 990 elicuerunt
905 931 1004 988 hisce:
1026 915 1098 1007 „dcc
1112 922 1208 987 παιδὶ
1223 923 1280 986 καὶ
1295 922 1432 1007 γυναικὶ

306 1018 372 1092 οδκ
403 1026 480 1113 ἐξῆν
511 1021 714 1110 συμβάλλειν
745 1025 831 1111 πέρα
859 1026 1021 1109 μεδίμνου
1051 1023 1210 1109 κριθῶνίί.
1261 1029 1321 1090 Sed
1348 1037 1431 1090 recte

307 1137 466 1198 Oaillemer
488 1137 564 1196 lsaei
588 1137 686 1196 locum
709 1136 803 1212 pluris
827 1135 965 1194 aestimat
987 1154 1076 1212 quam
1100 1135 1307 1212 lexicographi
1329 1135 1431 1211 verba,

306 1241 357 1317 qui
380 1259 418 1300 ex
440 1239 491 1299 illo
515 1240 580 1299 solo
604 1257 658 1298 sua
681 1239 788 1298 hausit
831 1238 932 1315 Atque
956 1257 1023 1298 cum
1045 1239 1139 1315 ipsius
1160 1237 1237 1298 lsaei
1259 1241 1321 1296 tum
1345 1237 1431 1296 scho-

305 1341 410 1402 liastae
441 1343 471 1401 in
502 1336 921 1418 Aristopb.eccles.1024!5
952 1339 1119 1400 confirmari
1149 1343 1221 1417 puto
1251 1341 1430 1399 sententiam

303 1444 400 1515 illam,
430 1443 579 1520 impuberi
609 1445 729 1503 omniuo
761 1461 822 1503 uon
852 1443 987 1519 licuisse,
1018 1460 1074 1519 pro
1104 1459 1137 1502 se
1167 1443 1232 1518 ipso
1260 1442 1429 1518 pactionem

304 1546 456 1624 quandam
477 1547 560 1606 inire.
604 1546 684 1605 Dicit
706 1546 786 1604 enim
810 1549 911 1605 orator
934 1547 1046 1622 apertis
1067 1545 1166 1605 verbis
1188 1545 1247 1606 l.c.
1269 1534 1430 1622 ,μιαιδδς

303 1639 376 1728 γὰρ
400 1635 474 1708 ουκ
498 1638 654 1724 ἔξεστιν
677 1637 874 1727 διαθήκην
898 1641 1116 1726 γενέσθαιίί,
1133 1666 1210 1725 quae
1226 1648 1320 1706 verba
1335 1648 1430 1723 pluris

303 1752 455 1812 aestimem
480 1770 570 1829 quam
594 1769 672 1828 quae
688 1756 871 1826 sequuntur:
894 1737 930 1822 „d
955 1735 1018 1829 γὰρ
1039 1738 1143 1828 νόμος
1165 1738 1348 1829 διαρρήδην
1363 1768 1428 1808 κοι-

305 1842 380 1912 ider
395 1847 490 1913 παιδὶ
505 1843 549 1932 μὴ
567 1845 688 1928 ἐξεῖναι
704 1842 907 1931 συμβάλλειν
921 1847 1003 1933 μηδὲ
1016 1847 1150 1930 γυναικί
1164 1845 1251 1932 πέρα
1266 1844 1429 1930 μεδίμνου

304 1950 463 2034 κριθῶνίί.
515 1957 615 2032 Atque
645 1973 747 2015 omnes
778 1961 850 2033 puto
880 1958 910 2015 in
942 1975 976 2016 eo
1001 1957 1184 2032 consentire,
1211 1956 1428 2015 institutionem

303 2059 385 2119 illam
409 2059 529 2119 omnino
553 2059 590 2117 ad
614 2058 798 2118 Graecorum
820 2060 904 2134 leges
928 2060 965 2118 de
987 2058 1190 2135 impuberibus
1213 2057 1372 2134 quadrare.

387 2163 569 2236 Plerumque
600 2163 642 2239 is,
675 2163 760 2222 cuius
792 2179 882 2222 curae
911 2180 988 2239 puer
1017 2165 1087 2239 post
1115 2162 1211 2238 patris
1234 2165 1359 2220 mortem
1383 2165 1429 2219 est

303 2263 479 2342 mandatus,
511 2255 695 2342 ἐπίτροπος
724 2263 855 2341 dicitur,
872 2265 925 2324 sed
948 2265 1042 2342 probe
1065 2263 1228 2324 tenendum
1258 2267 1317 2340 est,
1347 2263 1429 2322 buno

304 2370 433 2427 tutorem
458 2384 684 2444 nonnumquam
704 2356 825 2445 κύριον
845 2367 955 2426 dietum
972 2383 1048 2426 esse.
1091 2367 1182 2442 Cuius
1196 2367 1240 2427 rei
1256 2383 1316 2424 non
1332 2365 1428 2425 solum

304 2469 385 2546 apud
409 2474 545 2530 oratores
567 2467 735 2528 testimonia
750 2473 876 2543 exstant,
900 2468 954 2528 sed
977 2470 1063 2528 etiam
1084 2468 1206 2544 Mylasis
1224 2486 1291 2527 eum
1306 2452 1428 2545 κύριον

301 2572 484 2648 appellatum
514 2588 580 2630 esse
610 2589 648 2630 ex
678 2570 764 2630 titulo
794 2570 875 2646 apud
904 2570 948 2630 Le
968 2571 1027 2629 Bas
1042 2570 1095 2645 ΠΙ,
1109 2574 1172 2631 415
1195 2587 1239 2629 vs.
1252 2575 1290 2631 17
1313 2569 1427 2628 intelle·

302 2675 415 2750 gimus:
445 2667 519 2751 „xui
548 2657 689 2744 Ίίιοονος
723 2667 779 2730 καὶ
816 2660 1056 2752 Θεομνήοῂου]
1092 2660 1176 2750 μετὰ
1208 2666 1328 2750 κυρίου
1361 2666 1426 2729 τοῦ

301 2759 430 2854 πατρὸς
451 2757 568 2833 αὐτῶν
593 2763 827 2854 Θεομνήστου“
850 2771 921 2833 κτλ.
964 2774 1151 2851 Quamquam
1175 2775 1232 2834 hoe
1254 2774 1320 2834 loco
1339 2779 1427 2851 pater

302 2883 347 2938 est
369 2866 485 2956 κύριος
506 2877 695 2954 liliorumque
711 2878 742 2937 in
758 2879 906 2953 emptione
927 2876 1100 2937 venditione
1116 2894 1274 2954 personam
1290 2877 1427 2948 sustinet,

300 2983 400 3039 tamen
430 2999 490 3040 non
518 2979 637 3057 dubito,
668 2981 739 3056 quin
770 2983 856 3056 patre
883 2983 1000 3039 mortuo
1027 2982 1108 3039 tutor
1132 2968 1246 3058 κύριος
1268 2979 1365 3040 dictus
1388 2981 1426 3040 sit

301 3082 352 3142 ubi
376 3081 521 3158 agebatur
544 3080 582 3140 de
605 3080 689 3140 bonis
711 3081 896 3159 pupillorum
920 3081 1172 3142 administrandis.

726 3252 785 3307 IV.
819 3252 996 3319 Inquilini.

389 3371 549 3446 Inquilinis
578 3372 756 3447 permissum
781 3390 840 3432 non
863 3377 943 3449 erat,
971 3375 1004 3431 ut
1027 3371 1130 3431 domos
1153 3370 1325 3449 fundosque
1346 3373 1426 3432 intra

303 3471 377 3531 fines
404 3473 522 3532 alienae
553 3473 681 3532 civitatis
711 3478 854 3534 emerent.
904 3475 1038 3534 Atticum
1074 3474 1192 3550 quidem
1227 3476 1307 3535 hunc
1337 3493 1423 3535 usum

299 3574 394 3634 fuisse
425 3593 463 3634 ex
494 3575 537 3634 eis
567 3575 663 3634 titulis
693 3577 918 3653 cognoscimus,
953 3595 1029 3653 quos
1059 3577 1202 3636 collectos
1232 3576 1376 3636 habemus
1406 3596 1426 3636 a

300 3673 516 3754 sanubertus,
538 3677 577 3736 ad
601 3680 722 3737 atticum
747 3684 844 3739 antem
869 3697 954 3739 usum
978 3681 1121 3756 imprimis
1144 3680 1230 3739 nobis
1253 3679 1310 3738 erit
1331 3679 1424 3756 respi-

301 3780 449 3857 ciendum,
472 3766 538 3838 cum
563 3799 622 3839 non
646 3782 717 3839 satis
740 3799 849 3858 magna
871 3783 1004 3842 locorum
1027 3782 1239 3858 titulorumqne
1262 3782 1356 3841 series
1373 3800 1424 3841 ex·

299 3883 372 3957 stet,
403 3899 463 3957 qua
494 3880 663 3957 doceamur,
693 3882 810 3958 qualem
841 3884 987 3942 rationem
1021 3883 1096 3942 aliae
1125 3882 1258 3943 Graecae
1285 3883 1423 3943 civitates

299 3987 421 4042 secutae
445 3984 504 4043 sint
527 3985 554 4042 in
573 3983 713 4043 donanda
729 3987 848 4057 enctesi,
865 3987 882 4043 i.
899 4003 923 4044 e.
939 3986 1004 4044 iure
1020 4003 1109 4061 agros
1125 3984 1288 4062 domosque
1304 3985 1423 4046 emendi

298 4088 389 4162 atque
404 4084 586 4161 possidendi.
624 4085 772 4146 Scbubert
788 4086 819 4160 (l.
835 4105 860 4146 c.
875 4106 903 4164 p.
917 4085 971 4158 41)
988 4105 1025 4147 ex
1041 4088 1083 4146 eis
1099 4087 1193 4147 titulis
1210 4105 1285 4163 quos
1302 4107 1424 4166 compo·

298 4187 367 4264 suit,
383 4186 496 4263 duplex
512 4191 668 4248 enoteseos
683 4206 779 4266 genus
796 4189 1041 4266 distinguendum
1058 4206 1123 4249 esse
1138 4190 1259 4266 probat3
1276 4195 1328 4250 aut
1343 4191 1422 4250 enim

385 4353 405 4416 ¹)
422 4350 457 4404 de
474 4349 610 4419 proxenia
626 4351 720 4420 attica,
739 4351 816 4420 lips.
831 4354 905 4405 1880.
