3062 4962
1180 401 1220 458 35

98 565 184 639 strat,
207 566 351 639 quantum
375 563 432 622 hac
453 581 486 622 re
508 563 587 622 inter
607 583 638 624 se
654 564 795 624 differant
810 565 991 626 Graecorum
1007 567 1221 628 Romanorum·

98 682 156 739 que
179 665 271 741 leges.
315 666 427 724 Romae
450 665 579 743 „emptio
602 666 734 725 venditio
758 666 954 742 contrahitur,
976 686 1043 728 cum
1066 669 1103 728 de
1125 670 1222 747 pretio

97 768 283 844 convenerit,
305 769 442 844 quamvis
540 787 578 828 ne
602 768 690 828 arrha
713 770 832 846 quidem
856 769 926 829 data
943 764 1102 848 fuerit“¹);
1124 773 1221 833 'Pheo-

95 870 241 945 phrastus
264 875 370 930 contra
393 869 489 944 docet,
512 873 606 930 ratam
630 888 695 930 esso
718 873 885 948 pactionem
908 873 938 930 in
961 873 1114 951 plerisque
1129 873 1221 934 Grae·

97 973 163 1031 niae
198 971 368 1032 civitatibus
399 959 548 1050 (ησχεὸὀν
580 961 650 1051 γὰρ·
677 964 715 1031 oi
748 967 906 1031 πολλοὶ
934 971 1221 1052 νομοθετοῦσινιί),

95 1057 199 1151 „haar
221 1060 401 1154 ἀρραβῶνα
425 1064 536 1152 λάβῃ“.
579 1073 637 1134 Sed
662 1080 767 1135 contra
788 1074 989 1137 Hotmannum
1012 1081 1094 1138 recte
1118 1078 1221 1139 Oaille-

95 1195 161 1236 mer
192 1175 414 1237 demonstrasse
442 1177 568 1256 videtur,
596 1195 656 1238 non
685 1180 883 1238 necessariam
914 1178 1006 1240 luisse
1036 1181 1153 1240 arrham
1181 1181 1220 1241 ad

96 1277 312 1356 perficiendum
336 1278 557 1353 contractum.²)
601 1282 671 1341 Iure
694 1282 771 1342 enim
794 1283 928 1358 quaerit,
955 1301 1008 1343 cur
1032 1297 1109 1360 opus
1130 1283 1221 1344 fuerit

95 1383 204 1459 arrha,
242 1383 322 1442 iacta
355 1384 414 1442 iam
447 1385 688 1460 promulgatione
722 1384 843 1460 publica
872 1386 1024 1462 variisque
1055 1385 1220 1447 observatis

93 1483 215 1562 formis,
244 1503 319 1561 quas
345 1485 428 1562 leges
456 1486 604 1545 interdum
626 1486 796 1565 postulasse
819 1492 944 1548 constat.
989 1489 1095 1564 Neque
1118 1507 1219 1549 ncces·

94 1589 206 1647 sariam
228 1586 320 1648 fuisse
344 1589 464 1647 arrham
486 1607 523 1648 ex
546 1607 582 1649 eo
605 1588 682 1649 torte
706 1590 836 1666 colligas,
859 1589 940 1666 quod
964 1590 1072 1659 omissa
1093 1592 1219 1670 inscrip-

94 1688 179 1748 tione
203 1689 474 1767 c.1.e.11,2058
499 1708 536 1750 ne
558 1692 588 1750 in
611 1709 672 1750 uno
692 1691 813 1768 quidem
836 1692 925 1751 titulo
948 1693 1012 1752 eins
1034 1692 1220 1772 iiatmentio,

93 1810 277 1869 quamquam
301 1791 528 1852 concedendum
551 1796 605 1866 est,
627 1794 753 1854 testibus
776 1794 842 1853 aliis
864 1794 955 1854 rebus
978 1795 1008 1852 in
1025 1796 1218 1871 inscriptione

93 1895 278 1954 enumeratis
306 1913 365 1954 non
396 1895 455 1954 iam
486 1913 563 1973 opus
585 1887 678 1956 fuisse
708 1878 905 1974 ἀρραβῶνας
927 1897 1092 1968 mentione3
1122 1898 1219 1973 immo,

93 1997 147 2056 ubi
169 1997 288 2072 legibus
312 1998 466 2074 postulata
489 2001 555 2057 erat
577 1998 674 2075 arrha,
705 1998 810 2058 eodem
833 2003 977 2075 temporo,
999 2017 1058 2075 quo
1080 1999 1152 2059 inita
1175 2006 1220 2061 est

91 2098 209 2176 pactio,
240 2117 305 2158 eam
339 2099 438 2159 datam
462 2117 528 2160 esse
550 2099 711 2160 verisimile
734 2103 788 2160 est.
835 2097 991 2173 Platner³t
1015 2119 1135 2176 quoqne
1158 2103 1218 2161 exi·

91 2202 200 2277 stimat,
223 2202 341 2262 arrham
365 2202 504 2262 usitatam
528 2199 689 2276 („dblich“)
712 2202 807 2262 solum
829 2201 922 2262 tuisse
940 2202 1132 2280 perfectionis
1148 2221 1216 2264 con-

92 2302 252 2364 dicionem.

178 2405 255 2466 Illud
278 2411 420 2486 apparet,
449 2408 585 2481 arrham,
609 2424 686 2483 quae
709 2404 802 2466 Suida
823 2410 899 2467 teste
923 2407 1019 2484 prima
1040 2408 1129 2486 pretii
1152 2413 1217 2469 crat

91 2509 214 2586 pensio,
244 2510 275 2568 in
302 2511 346 2570 eis
376 2509 465 2570 modo
496 2509 655 2587 emptionis
684 2509 866 2569 venditionis
889 2511 1094 2570 contractibus
1117 2509 1215 2570 datam

91 2629 168 2688 esse,
191 2610 243 2671 ubi
263 2611 392 2690 pretium
417 2629 476 2672 non
498 2615 594 2672 totum
617 2612 716 2672 statim
738 2613 917 2688 pensitatum
941 2616 994 2672 est.

178 2715 303 2774 Praeter
332 2714 387 2774 has
418 2714 626 2791 condiciones,
654 2731 729 2790 quas
757 2714 966 2791 Theophrasto
989 2719 1063 2776 teste
1087 2716 1216 2777 valuisse

90 2817 223 2876 vidimus
246 2818 276 2875 in
299 2816 486 2895 perfectione
508 2817 663 2894 pactionis,
687 2817 716 2876 in
740 2816 834 2876 titulis
857 2817 1032 2893 quibusdam
1055 2817 1156 2878 inveni

179 2921 230 2981 IV.
253 2905 459 2998 ’Ἑμβασιν
505 2919 718 2994 Quaerendum
742 2923 795 2997 est,
817 2924 917 2979 utrum
939 2921 1049 2980 usitata
1064 2921 1155 2981 inerit
1169 2938 1215 2980 so-

90 3023 200 3082 lemnis
227 3023 347 3082 traditio
377 3025 420 3082 rei
451 3028 569 3099 emptae
598 3023 628 3081 in
657 3040 763 3082 manus
785 3022 855 3082 novi
878 3023 1081 3099 possessoris,
1111 3041 1214 3083 necne.

89 3125 182 3202 Apud
206 3127 367 3200 scriptores
390 3126 463 3185 nihil
485 3125 522 3185 de
546 3143 580 3185 ea
602 3125 721 3203 inveni;
750 3125 804 3184 sed
832 3142 892 3185 non
916 3123 1048 3185 defuisse
1072 3125 1215 3185 eiusmodi

89 3229 295 3287 institutiones
331 3246 368 3287 ex
398 3228 492 3287 titulis
522 3227 701 3303 quibusdam
731 3227 942 3305 intellegimus.
999 3227 1135 3286 Frdhner
1158 3228 1175 3285 l.
1191 3245 1215 3286 c

89 3331 149 3390 No.
163 3333 215 3407 49,
236 3329 259 3390 O
282 3349 309 3389 v.
327 3335 366 3392 16
379 3349 457 3407 sqq:
485 3323 561 3408 ,,καὶ
590 3323 693 3388 τοῦδε
722 3325 785 3387 τοῦ
819 3322 1029 3408 ψηφίσματος
1058 3316 1098 3388 τὸ
1126 3315 1216 3387 ἄντί-

89 3447 225 3511 γραφον
328 3417 553 3512 [ἀναθέντων]
577 3477 633 3489 ...
656 3425 717 3508 τῆς
746 3425 782 3490 δὲ
813 3415 901 3510 ὠνῆς
928 3425 1068 3510 καὶτῆς
1090 3421 1215 3509 ἐμβά-

88 3528 226 3606 oecoc‘t
276 3537 351 3595 Item
381 3536 424 3595 Le
447 3538 506 3595 Bas
522 3534 576 3610 III,
597 3537 659 3596 415
683 3553 711 3592 ν.
728 3538 779 3595 12:
809 3523 962 3612 »ἔσονται
991 3522 1077 3592 κατὰ
1109 3517 1215 3592 ταύτὰ

89 3629 456 3716 ἑμβεβατευμένοι
501 3630 627 3715 κυρίως
668 3625 755 3693 κατὰ
785 3623 887 3714 τήνδε
919 3625 982 3714 τὴν
1019 3625 1212 3715 ἔμβασιν·

88 3731 345 3813 ἐνεβίβασεν
372 3731 407 3798 δὲ
433 3724 559 3810 αὐτοὺς
589 3731 746 3797 ἐναντίον
768 3723 967 3818 μαρτύρων(
988 3734 1059 3796 κτλ.
1104 3738 1213 3798 Totum

88 3842 209 3902 titulum
225 3841 268 3902 Le
284 3843 343 3902 Bas
355 3843 407 3914 111,
418 3843 480 3902 415
496 3843 651 3901 embaseos
666 3841 895 3900 instrumentum
912 3858 985 3912 esse,
1005 3839 1213 3915 Waddington

89 3944 109 4004 l.
125 3963 151 4003 e.
177 3947 258 4005 recte
287 3945 371 4004 vidit.
429 3945 463 4005 In
495 3943 659 4021 Mylaseusi
689 3961 812 4020 quoquc
842 3942 928 4002 titulo
958 3942 1035 4003 Bull.
1066 3940 1104 4002 de
1136 3958 1213 4000 corr.

179 4195 202 4258 ¹)
220 4191 312 4246 Instit.
324 4191 343 4246 J
344 4192 429 4247 ustin.
441 4191 491 4261 III,
504 4194 545 4246 23.

176 4279 201 4346 ²)
218 4277 288 4332 Rev.
307 4277 342 4332 de
361 4277 482 4347 legislat.
496 4273 598 4346 1870l1,
615 4291 644 4345 p.
657 4280 704 4330 661
717 4291 778 4345 sqq.

176 4361 435 4432 mamam.
