3062 4962
1200 335 1219 392 ‘I

94 499 262 562 confitetur.
305 500 432 561 Athenis
454 500 512 560 hoc
531 498 652 577 quidam
667 499 777 560 iactum
794 503 840 561 est
861 491 906 560 ἐν
930 488 1221 580 roccolenum),

94 603 210 674 idest,
241 603 384 679 inscripta
415 605 461 662 est
482 595 686 679 pronuntiatio
716 603 828 663 tabulis
851 603 943 678 albis,
972 620 1047 681 quas
1076 604 1107 664 in
1134 603 1221 664 bouis

49 740 53 749 ·
93 704 260 765 vendendis
290 705 410 782 publice
441 705 601 765 collocatas
635 721 702 765 esse
739 705 900 767 verisimile
930 709 985 766 est
1035 706 1111 765 Item
1141 705 1221 765 tituli

93 804 314 878 Lebadensis²l
353 808 447 868 rerba
484 799 550 880 ,εἰς
583 792 624 866 τὸ
655 794 815 886 λεύκωμα
852 789 1110 887 ἐπιγράψουσιν,
1148 806 1220 884 quid

93 909 150 969 sibi
183 911 294 982 velint,
329 909 493 988 perspicies
525 928 563 970 ex
596 927 653 971 usu
687 909 802 982 Attico,
826 910 863 970 de
896 927 957 988 quo
991 913 1074 970 certo
1104 913 1221 970 constat

93 1032 142 1074 ex·
164 1013 273 1090 Lysiae
307 1012 443 1074 oratioue
466 1013 508 1074 IX
536 1011 604 1084 §62
645 997 879 1086 ,ἐπιβαλόντες
912 1005 949 1072 δὲ
981 1001 1022 1072 τὸ
1056 995 1220 1092 ἀργύριον

93 1103 288 1194 πράξασθαι
309 1109 371 1195 μὲν
393 1099 456 1174 οὐκ
478 1106 702 1194 ἐπεχείρησαν,
725 1103 878 1194 ἐξιούσης
897 1107 934 1174 δὲ
947 1111 1006 1194 τῆς
1021 1097 1122 1196 ἀρχῆς
1143 1099 1221 1195 γρά-

92 1229 219 1294 ψαντες
241 1209 287 1288 εἰς
309 1209 466 1297 λέυκωμα
488 1222 560 1288 τοῖς
578 1211 711 1296 ταμίαις
725 1209 948 1295 παρέδοσαν.
984 1213 1090 1277 Utrum
1113 1216 1220 1293 ligneis

92 1320 189 1380 solum
212 1320 323 1380 tabulis
351 1339 390 1380 an
420 1319 569 1396 lapidibus
596 1321 686 1380 etiam
708 1319 873 1380 inscribere
895 1317 1069 1380 huiusmodi
1089 1319 1221 1397 promul·

92 1423 230 1500 gatioues
260 1423 290 1482 iu
321 1440 378 1482 usu
408 1423 518 1495 fuerit,
542 1422 672 1482 discerni
701 1423 819 1501 nequit3
855 1422 968 1500 quippe
995 1439 1061 1481 cum
1091 1439 1131 1481 ne
1160 1438 1220 1480 una

93 1525 214 1602 quidem
243 1525 401 1603 inscriptio
430 1528 551 1586 servata
578 1525 633 1597 sit,
664 1543 754 1604 quam
781 1526 841 1592 buc
862 1523 976 1586 reterre
998 1523 1156 1601 possimus,
1178 1522 1220 1584 la·

91 1627 179 1705 pides
201 1628 400 1706 parsimoniae
423 1645 516 1690 causa
537 1625 687 1688 adhibitos
709 1646 770 1688 uon
792 1643 858 1688 esse
879 1631 978 1706 putes.

179 1730 412 1807 inscriptionum
434 1729 492 1789 iam
516 1729 575 1790 duo
591 1747 705 1807 genera
720 1727 922 1806 disiungeuda
937 1732 1016 1806 sunt,
1038 1745 1116 1807 quae
1132 1745 1220 1790 acco·
1267 1757 1268 1762 ¹
1388 1791 1392 1802 ,

92 1835 187 1894 ratius
206 1835 338 1894 tractare
360 1832 545 1910 propositum
569 1835 622 1892 est.
666 1831 800 1892 Accedat
822 1831 924 1892 brevis
946 1831 1133 1908 singulorum
1149 1830 1218 1892 titu-

92 1938 191 1998 lorum
214 1935 395 2014 descriptio,
422 1954 498 2013 quos
527 1936 607 1996 inter
636 1936 711 1996 haec
733 1952 847 2012 genera
869 1933 1046 1995 dividendos
1069 1951 1135 1996 esse
1158 1935 1218 1995 exi·

92 2039 189 2100 stimo.
238 2039 346 2116 Neque
377 2038 546 2099 mirandum
576 2042 638 2116 est,
667 2037 748 2114 quod
780 2037 948 2116 complures
974 2037 1055 2098 tituli
1083 2056 1143 2099 nou
1166 2037 1219 2098 uni

92 2142 189 2201 solum
212 2143 315 2218 generi
337 2141 489 2202 tribuendi
519 2158 584 2202 esse
613 2140 666 2201 sed
697 2140 735 2201 ad
766 2141 892 2201 alterum
922 2157 1045 2219 quoque
1066 2140 1219 2217 respicere

92 2244 247 2323 videntur,
269 2244 519 2322 simplicissimum
542 2245 620 2305 euim
643 2249 717 2320 erat,
739 2244 817 2304 sicut
837 2241 1116 2317 demonstrabimus,
1137 2242 1220 2304 facta

91 2347 203 2424 prioris
240 2349 359 2424 generis
394 2348 591 2425 inscriptione
626 2346 778 2408 ascribere
816 2363 924 2407 nomeu
962 2345 1106 2425 emptoris
1143 2346 1219 2406 alias
1329 2393 1332 2400 .

92 2468 150 2524 res,
173 2469 251 2528 quae
274 2450 417 2525 efficiunt,
439 2455 473 2510 ut
495 2449 600 2512 eodem
622 2451 687 2512 iure
710 2450 788 2511 inter
811 2449 937 2510 alterius
959 2467 1081 2528 quoque
1096 2448 1218 2528 generis

91 2554 196 2614 titulos
219 2553 297 2613 hanc
320 2553 489 2630 pactionem
512 2570 671 2614 numerare
692 2553 842 2629 possimus
865 2555 956 2630 atque
979 2551 1095 2630 prioris.

178 2655 272 2716 Tituli
295 2657 451 2716 continent
473 2659 525 2716 aut

178 2759 203 2818 Ι.
232 2759 566 2837 Promulgatiouem
595 2759 648 2818 rei
677 2749 863 2835 cuiusdam
893 2755 1106 2818 vendendae
1135 2760 1218 2819 ante

92 2881 191 2940 psam
215 2861 411 2940 emptionis
432 2861 663 2922 venditionis
685 2859 906 2940 pactionem,
928 2863 990 2921 aut

179 2966 216 3025 11.
245 2965 493 3027 Instrumenta
521 2964 686 3043 publica,
715 2963 846 3046 quibus
876 2961 1008 3023 factam
1040 2979 1118 3024 osse
1149 2980 1218 3023 em-

90 3069 253 3147 ptionem
274 3068 524 3129 venditionem
547 3068 816 3144 pronuntiatur.

178 3171 282 3250 Tituli,
303 3189 380 3248 quos
402 3170 510 3248 prioris
532 3169 652 3247 generis
675 3186 740 3230 esse
761 3172 836 3247 poto
858 3167 890 3228 hi
912 3171 998 3229 suut:

180 3277 207 3334 1.
236 3273 268 3334 O.
285 3274 307 3333 I.
323 3273 357 3334 (l.
373 3273 586 3344 Iulienses.
637 3271 741 3333 Sermo
771 3274 817 3332 est
846 3271 883 3332 de
913 3268 1074 3334 vendendo
1102 3269 1219 3333 Dianae

91 3379 248 3454 Pergaeae
269 3376 545 3436 Halicarnassensis
567 3373 745 3435 sacerdotio.
796 3372 926 3434 Additur
947 3373 1217 3435 emolumentorum

91 3480 294 3552 enumeratio,
324 3496 402 3554 quae
433 3497 471 3538 ex
501 3493 624 3538 munere
654 3495 741 3537 sacro
764 3476 913 3537 sacerdoti
935 3477 1076 3538 existunt
1119 3475 1217 3538 Femi-

91 3583 172 3642 niuis
194 3581 297 3642 formis
318 3599 363 3640 vs.
379 3563 453 3660 7τὴ
479 3574 515 3640 δὲ
536 3573 711 3660 πριαμένη,
740 3567 833 3658 21:1‘2
857 3570 969 3659 ἱέρεια,
998 3582 1051 3642 29:
1073 3595 1218 3660 πορευο-

89 3677 184 3764 μένη,
207 3685 361 3745 mulierem
383 3683 442 3744 boc
465 3684 580 3744 Dianae
602 3683 801 3744 sacerdotium
825 3683 991 3744 obtinuisse
1012 3682 1163 3743 docemur.

180 3791 208 3848 2.
237 3786 313 3847 Bull.
336 3785 382 3846 de.
405 3804 482 3847 corr.
505 3785 574 3847 bell.
589 3787 641 3864 IV,
662 3805 690 3864 ρ.
705 3789 767 3848 465
780 3803 846 3864 sqq.
898 3785 1116 3864 Antiquissima
1140 3784 1217 3846 haec

91 3891 293 3967 Gortyneusis
315 3888 464 3967 incriptio,
487 3893 631 3967 quantum
654 3891 711 3949 iam
735 3908 773 3951 ex
794 3888 933 3951 versibus
954 3888 1115 3950 admodum
1132 3893 1216 3949 trun·

91 3993 167 4054 catis
191 4010 373 4068 cognoscere
395 4011 562 4070 possumus,
587 3993 685 4071 legem
708 3992 749 4053 dc
768 3994 834 4053 iure
856 3996 953 4053 terras
976 3990 1122 4070 quasdam
1143 4010 1217 4052 ven·

91 4095 183 4156 deudi
206 4095 389 4157 continuisse
411 4095 538 4157 videtur.
582 4096 674 4155 Plura
694 4093 764 4156 vide
778 4094 810 4156 in
826 4093 950 4156 editoris
964 4094 1217 4156 adnotationibus.

90 4211 298 4224 -α--ιυ-

180 4261 203 4324 1)
219 4257 354 4328 Harpocr.
373 4273 396 4314 s.
407 4275 445 4328 v,
463 4257 650 4326 Paroemiogr.
667 4275 709 4328 gr.
728 4257 771 4316 ed.
789 4255 1012 4314 Schneidewinl
1029 4274 1058 4328 p.
1069 4261 1130 4313 405.

179 4345 203 4412 ²)
214 4335 363 4414 Ἀθήναιον
375 4343 424 4414 IV,
446 4347 519 4414 1875,
537 4361 565 4415 p.
579 4347 628 4400 369
642 4359 683 4399 vs.
698 4348 721 4398 5.
