3062 4962
284 335 326 393 24

283 501 329 560 rei
350 503 467 577 emptae
489 500 652 572 notionem,
676 519 801 578 eamque
823 516 894 559 casu
917 500 1102 576 accusativo,
1125 498 1255 576 denique
1278 498 1407 576 pretium

284 621 322 662 ex
344 603 484 679 pactione
506 603 647 662 solutum.
690 604 725 663 In
748 619 783 663 eo
806 601 989 664 haerendum
1012 620 1072 662 non
1089 601 1152 674 erit,
1176 601 1258 679 quod
1272 601 1408 661 homines

283 705 430 765 venditari
453 704 645 765 statuendum
669 709 731 782 est,
761 706 874 782 qnippe
900 723 966 764 cum
990 705 1196 765 Halicarnassi
1225 705 1315 764 talem
1337 703 1411 764 libe·

288 824 388 867 rorum
411 807 545 866 virorum
569 807 771 868 venditionem
793 805 858 866 lieri
880 807 1012 882 potuisse
1028 826 1066 867 ex
1082 805 1276 883 Lygdamidis
1290 807 1341 867 illo
1357 804 1411 865 ‹le-

285 914 367 968 creto
385 908 701 970 demonstraverimus.
745 909 802 971 Sed
827 928 891 969 cum
915 909 963 969 hic
986 909 1141 970 damnatos
1160 909 1191 968 in
1211 927 1302 970 verae
1317 908 1412 970 servi·

284 1011 397 1071 tudinis
413 1014 522 1071 statum
546 1011 685 1072 redactos
708 1030 774 1073 esse
796 1011 967 1090 viderimus,
988 1013 1077 1089 longe
1101 1012 1188 1071 aliam
1211 1030 1273 1073 rem
1297 1029 1364 1072 csse
1379 1013 1411 1071 in

285 1114 372 1174 titulo
385 1115 409 1173 Β
424 1119 560 1192 apparet,
576 1116 717 1192 quoniam
732 1115 868 1175 homines
883 1114 1019 1184 venditos
1035 1115 1065 1174 in
1081 1132 1183 1175 veram
1195 1114 1411 1175 servitudinem

285 1236 345 1277 non
368 1215 514 1277 abductos
538 1236 604 1278 esse
627 1237 664 1278 ex
688 1237 723 1278 eo
746 1217 901 1295 probabile
924 1221 982 1293 est,
1008 1217 1089 1295 quod
1113 1218 1283 1295 complures
1307 1235 1410 1278 eorum

284 1339 344 1381 non
368 1320 461 1379 semel
484 1324 614 1392 tantum,
645 1320 699 1380 sed
721 1321 782 1392 bis,
804 1325 860 1393 ter,
890 1321 1010 1398 saepius
1041 1320 1133 1397 idque
1159 1339 1220 1380 non
1243 1320 1280 1382 ab
1303 1319 1411 1381 eodem

285 1424 350 1483 viro
374 1427 523 1483 emuntur.
567 1424 675 1499 Neque
698 1422 861 1500 unicnique
884 1424 1011 1498 emptori
1034 1422 1111 1482 idem
1135 1421 1264 1499 pretium
1291 1423 1411 1482 solven-

285 1525 355 1585 dum
385 1524 479 1584 fuisse
517 1543 573 1603 pro
613 1526 726 1615 ecdem!
746 1525 810 1585 viro
842 1529 941 1603 empto
977 1543 1014 1585 ex
1048 1525 1127 1585 tituli
1156 1525 1255 1586 verbis
1285 1527 1412 1586 constat.

284 1629 415 1690 Silenum
440 1627 598 1705 quendam
613 1629 696 1688 emit:

334 1789 336 1794 .
372 1735 399 1792 1.
420 1713 688 1810 Άπολλόδωρ[ος
711 1721 884 1810 Π]ολιτέω
906 1750 935 1790 v.
950 1734 999 1792 93.

374 1837 403 1894 2.
423 1817 612 1902 αἵσσωλλος
630 1819 830 1913 Άρδ[υβ]έρο
854 1851 881 1892 v.
898 1836 947 1895 94.

376 1939 404 1997 3.
432 1928 640 1994 Πανταλέων
663 1923 783 2013 Κώγλο
807 1955 833 1993 v.
851 1938 899 1997 96.

372 2041 401 2098 4.
433 2031 641 2098 Πανταλέων
661 2020 862 2118 Ἀρτέμωνος
883 2058 912 2098 v.
926 2041 976 2100 98.

374 2140 593 2200 Haussoullerii
620 2140 656 2200 de
686 2158 722 2200 ea
744 2159 777 2200 re
800 2141 948 2218 opinioni,
979 2159 1067 2218 quam
1097 2136 1344 2218 Dittenberger1)
1366 2158 1412 2201 se·

292 2242 402 2319 quitur,
425 2261 481 2321 ego
504 2260 624 2319 quoque
640 2243 809 2302 consentio:
832 2245 983 2317 emptores
998 2242 1105 2302 emisse
1121 2261 1181 2303 non
1196 2243 1293 2320 ipsum
1310 2241 1413 2322 virum,

290 2344 342 2405 sed
366 2345 586 2421 obligationem,
609 2364 644 2404 ea
666 2346 792 2420 ratione,
813 2348 846 2404 ut
868 2344 950 2420 quod
970 2343 1020 2404 ille
1043 2362 1139 2423 usque
1155 2345 1195 2404 ad
1209 2343 1412 2406 venditionem

288 2447 433 2508 debuerat
456 2447 528 2525 deis,
551 2465 632 2507 nunc
655 2445 839 2523 emptoribus
861 2447 1035 2523 pensitaret.

373 2549 522 2625 Ambigua
544 2548 703 2609 admodum
728 2552 819 2625 atque
842 2547 1017 2608 difficillima
1040 2554 1086 2610 est
1108 2554 1245 2610 notarum
1276 2567 1412 2610 numera·

287 2654 358 2712 lium
383 2653 549 2730 explicatio,
573 2669 650 2728 quas
673 2653 703 2710 in
726 2651 820 2711 altera
842 2651 961 2712 tituliB
983 2656 1068 2728 parte
1086 2671 1141 2730 pro
1157 2654 1201 2714 eis
1215 2653 1330 2731 positas
1344 2669 1411 2713 esse

286 2755 436 2833 videmus,
464 2773 539 2832 quas
560 2755 640 2814 inter
663 2771 766 2814 omnes
793 2753 922 2814 Graecos
945 2759 1031 2816 notas
1054 2757 1238 2832 usitatasque
1259 2755 1351 2816 fuisse
1375 2773 1411 2814 ex

203 2882 211 2902 ·
285 2857 401 2934 ingenti
424 2857 576 2916 titulorum
607 2873 732 2915 numero
764 2858 836 2916 satis
859 2860 984 2944 constat.
1029 2858 1117 2917 Nova
1139 2861 1238 2918 autem
1261 2858 1411 2934 planeque

286 2959 390 3035 ignota
414 2961 484 3018 sunt
507 2957 594 3033 signa
617 2975 694 3035 quac
718 2962 882 3019 occurrunt
901 2959 972 3019 inde
994 2978 1012 3018 a
1034 2977 1064 3019 v.
1081 2964 1121 3021 75
1144 2978 1240 3036 usque
1261 2959 1411 3033 adfinem,

288 3063 318 3121 in
348 3079 476 3138 quorum
509 3063 618 3119 natura
648 3063 677 3119 et
706 3061 819 3138 origine
851 3065 883 3121 ut
904 3063 1033 3123 Newton
1065 3063 1122 3121 iam
1153 3067 1183 3122 et
1204 3061 1412 3122 Hausscullier

290 3182 412 3241 operam
435 3161 550 3222 frustra
573 3168 838 3240 consumpserunt,
867 3163 909 3223 ita
932 3183 968 3224 ne
992 3183 1038 3224 me
1061 3163 1198 3241 quidem,
1231 3182 1411 3242 quamquam

289 3285 357 3325 cunr
381 3266 512 3326 Graecas
538 3267 601 3324 tum
616 3265 745 3340 Lycicas
768 3267 976 3344 inscriptiones
999 3271 1208 3344 perscrutatus
1231 3285 1305 3340 sum,
1329 3265 1410 3344 quid·

289 3385 378 3444 quam
402 3366 554 3426 invenisse
577 3365 678 3441 doleo,
709 3385 785 3444 quo,
816 3369 900 3429 cuius
930 3368 1055 3446 originis
1077 3370 1116 3429 sit
1138 3371 1214 3429 haec
1237 3367 1411 3430 numerandi

288 3469 364 3528 ratio
388 3472 417 3528 et
440 3467 591 3544 quomodo
623 3487 689 3528 oum
713 3473 858 3530 consueta
879 3470 1078 3548 omnibusque
1101 3470 1223 3533 Graecis
1251 3475 1324 3531 nota
1345 3489 1411 3531 con·

287 3571 415 3649 venerit,
438 3569 554 3630 definiri
578 3575 687 3648 posset.

373 3673 424 3733 Ill.
454 3672 567 3733 Servi.

373 3775 454 3835 Inter
483 3776 542 3835 alia
572 3775 649 3837 bona
685 3777 827 3837 venditos
862 3795 928 3838 esse
958 3794 1062 3838 servos
1092 3778 1236 3840 docemur
1272 3779 1413 3856 catalogis

287 3878 432 3937 bonorum
468 3878 688 3956 publicatorum
724 3898 743 3938 a
778 3881 886 3956 poletis
918 3879 1075 3958 confectis,
1109 3899 1185 3958 quos
1219 3883 1258 3942 ad
1291 3884 1413 3943 Hermo·

293 3979 467 4055 copidarum
484 3999 602 4042 cansam
619 3983 770 4059 pertinere
786 3982 941 4060 probabile
957 3985 1011 4059 est,
1027 3981 1057 4042 0.
1074 3985 1095 4042 l.
1111 3983 1146 4043 Δ.
1161 3985 1184 4060 Ι,
1200 3988 1271 4046 277.
1301 3983 1413 4045 Eodem

285 4082 436 4159 pertinent
465 4084 631 4161 Delphicae
662 4085 887 4163 inscriptiones,
918 4103 995 4162 quae
1017 4092 1087 4146 sunt
1108 4086 1146 4146 de
1170 4085 1413 4149 manumittendis

288 4216 489 4225 ———

371 4299 394 4363 ¹)
411 4295 525 4368 Sylloge
543 4313 572 4366 p.
586 4302 625 4352 15.
747 4297 751 4309 '
