3062 4962
632 1209 693 1279 §L

185 1309 241 1390 Do
264 1329 415 1405 emptione
438 1328 611 1389 venditione
633 1327 819 1388 Graecorum
850 1347 1031 1406 quamquam
1054 1330 1223 1407 complures

98 1435 157 1493 iam
180 1431 239 1491 viri
262 1431 343 1490 docti
365 1435 469 1490 nostra
491 1432 633 1512 memoria
656 1433 846 1492 commentati
867 1435 938 1492 sunt
958 1436 1049 1509 atque
1072 1451 1123 1510 ea,
1145 1451 1223 1510 quac

100 1534 139 1595 dc
161 1535 217 1594 hac
239 1534 356 1611 antiqui
377 1533 450 1592 iuris
466 1532 561 1594 forma
576 1537 666 1614 antea
686 1538 757 1594 nota
772 1539 867 1612 erant,
889 1533 1049 1594 admodum
1065 1541 1224 1614 auxerunt,

99 1654 357 1714 supervacaneum
379 1640 479 1694 tamen
503 1654 563 1714 non
587 1653 651 1696 csse
672 1635 788 1714 putavi,
811 1655 855 1715 ea,
877 1653 956 1713 qnae
977 1655 1056 1696 nona
1077 1655 1114 1696 cx
1129 1637 1224 1698 titulis

99 1739 250 1817 lapidibus
272 1739 373 1798 incisis
396 1739 516 1814 cognita
539 1725 619 1797 nnnc
642 1739 795 1816 babemus,
818 1757 884 1798 cum
908 1739 1042 1800 virorum
1065 1738 1223 1800 doctorum

100 1842 258 1904 sententiis
282 1859 464 1918 comparare.
508 1841 585 1900 Nam
615 1841 733 1901 illorum
763 1842 939 1902 testimoniis
970 1860 1050 1902 nova
1079 1842 1224 1902 nonnulla

99 1945 256 2016 constitui,
286 1944 346 2003 alia
375 1943 522 2021 quaedam
546 1943 697 2003 emendari
721 1947 811 2020 atquc
840 1945 967 2026 propius
996 1944 1034 2004 ad
1064 1945 1222 2005 veritatem

99 2048 252 2108 admoveri
275 2064 364 2124 posse
393 2047 538 2106 existimo.
583 2045 642 2106 Sed
673 2046 808 2124 minime,
838 2065 916 2122 quae
946 2045 1028 2124 apud
1058 2048 1222 2124 scriptores

98 2155 219 2211 veteres
241 2151 298 2209 hac
322 2149 359 2208 de
382 2149 508 2208 materia
529 2149 726 2208 inveniuntur
748 2148 940 2226 neglegenda
960 2149 1010 2209 vel
1032 2149 1223 2227 aspernanda

99 2257 184 2331 sunt3
216 2254 304 2312 immo
327 2251 445 2313 firmum
468 2251 511 2312 eis
534 2252 705 2312 continetur
728 2251 935 2329 disputationis
965 2255 1086 2313 nostrae
1116 2252 1223 2313 tunda-

98 2360 239 2416 mentum.
477 2429 504 2444 Ι.
529 2419 532 2426 ,
568 2431 570 2435 y
663 2433 665 2436 Ι

184 2460 288 2518 Pauca
309 2457 495 2535 praemittam
504 2439 557 2516 q,
574 2451 696 2516 ratione
718 2457 810 2516 totius
833 2458 1099 2518 commentationis.

187 2565 214 2621 1.
244 2559 447 2620 (inanissimus
476 2562 612 2620 veterum
640 2560 820 2637 scriptorum
848 2559 933 2619 locus
955 2563 1001 2620 est
1022 2559 1222 2636 fragmentum

99 2662 435 2741 illustrissimiiurisque
446 2662 616 2739 peritissimi
618 2662 795 2742 dristotelis
805 2660 1224 2740 discipuli,Theophrasti,

99 2765 182 2845 quod
204 2767 244 2826 ab
259 2767 372 2826 loanne
388 2765 517 2825 Stobaeo
533 2763 670 2841 (florileg.
685 2765 792 2837 XLIV,
808 2762 862 2838 22)
884 2767 1035 2826 servatum
1052 2769 1108 2843 cst;
1131 2769 1223 2843 atque
1297 2777 1298 2782 ’

98 2869 250 2946 dolemus,
281 2866 362 2944 quod
392 2886 452 2928 non
474 2867 563 2945 plura
585 2867 770 2945 sagacissimi
791 2867 849 2926 viri
871 2867 909 2926 ad
933 2885 988 2932 nos
1009 2871 1227 2945 pervenerunt,

99 2971 209 3049 quibus
232 2971 321 3030 etiam
345 2971 381 3030 de
405 2970 470 3030 aliis
491 2971 603 3035 veteris
624 2970 697 3030 iuris
720 2969 858 3048 partibus
877 2968 1062 3031 doceremur.
1105 2969 1224 3048 Optime

99 3074 213 3134 editum
244 3077 290 3133 est
318 3072 518 3150 fragmentum
555 3073 592 3132 ab
626 3071 843 3150 Hotmanno,
873 3071 964 3132 Beitr.
986 3091 1011 3131 a.
1033 3090 1078 3150 gr.
1101 3090 1129 3132 n.
1150 3078 1224 3134 rom.

99 3177 216 3253 Baebi,
244 3179 421 3252 pilsqq„
445 3179 514 3234 eta
537 3173 769 3235 Thalheimio
796 3175 827 3234 in
855 3173 1023 3252 appendice
1050 3174 1119 3235 libri
1146 3168 1224 3236 Her·

97 3277 250 3337 manniani
286 3295 355 3337 mox
385 3276 513 3354 citandi;
547 3295 658 3355 quare,
686 3277 737 3338 nbi
767 3294 890 3337 necesse
920 3277 992 3354 erit,
1020 3277 1224 3355 Theophrasti

99 3381 197 3440 verba
217 3381 319 3440 afferri
342 3379 563 3440 'I‘balheiminm
586 3397 705 3457 sequar.

185 3486 213 3543 2.
243 3483 312 3542 Non
329 3481 486 3541 mirabitur
502 3483 579 3560 quis,
601 3481 682 3559 qnod
698 3483 813 3558 graecis
828 3480 867 3541 de
882 3482 1032 3558 emptione
1047 3481 1223 3543 venditione

97 3583 289 3663 pactionibus
319 3603 378 3644 non
410 3582 533 3644 adiunxi
565 3602 632 3656 eas,
660 3601 737 3660 quas
758 3585 790 3644 in
811 3582 951 3661 Aegypto
972 3587 1112 3661 repertas
1134 3585 1223 3645 habe-

98 3704 166 3746 mus
188 3687 346 3764 bilingues,
367 3685 398 3746 id
421 3690 467 3745 est
489 3697 600 3762 graeca
622 3689 713 3762 atque
737 3684 884 3755 demotica
906 3685 1010 3762 lingua
1029 3687 1223 3765 conscriptas.

97 3787 298 3867 Neglegenda
327 3805 393 3848 esse
424 3779 499 3848 ha'ec
529 3787 710 3849 documenta
739 3790 902 3867 propterea
930 3789 1112 3862 existimavi,
1141 3789 1224 3865 qnod

97 3893 222 3969 longum
244 3892 303 3952 boc
326 3891 393 3951 loco
415 3892 514 3952 visum
537 3895 583 3952 est
603 3909 765 3969 quaerere,
793 3895 936 3970 quantum
959 3893 1061 3969 graeci
1090 3891 1162 3953 iuris
1191 3892 1222 3952 in

99 3996 144 4056 cis
167 3997 318 4055 servatum
341 3993 519 4067 babeamus,
541 3998 686 4070 quantum
708 3995 952 4072 aegyptiacarum
973 3995 1074 4072 legum
1096 3996 1134 4055 sit
1155 4014 1224 4072 pro·

97 4098 206 4175 prium.
248 4098 325 4156 Nam
348 4097 439 4175 plane
461 4114 586 4174 graecas
606 4096 810 4157 institutiones
826 4115 886 4157 non
900 4097 1000 4157 inesse
1014 4096 1224 4176 unusquisque

97 4199 187 4260 facile
209 4198 300 4272 videt,
323 4217 507 4278 quamquam
529 4193 669 4280 κυρίους
678 4195 701 4273 1)
730 4203 821 4277 atque
844 4195 1082 4281 βεβαιωτῆρας,
1104 4200 1225 4262 fideius-

186 4365 208 4431 ¹)
224 4361 369 4418 Rtvillont
386 4361 403 4418 l
417 4377 440 4417 c.
458 4379 486 4433 p.
498 4366 555 4418 156.

989 4463 1020 4517 1*
