3062 4962
104 333 347 408 λ,ιι

303 497 497 572 Thucydides
507 493 531 567 ¹)
568 499 686 567 narrat,
724 513 742 553 e
773 494 1019 554 Lacedaemoniis
1051 511 1115 570 eos,
1150 494 1201 569 qni
1231 491 1428 569 Sphe'oteriee

305 600 384 678 eapti
413 599 558 671 fuissent,
590 601 646 657 hae
675 598 777 656 ntimia
804 599 927 656 effectos
957 615 1037 668 esse,
1068 599 1102 655 nt
1130 597 1196 655 iure
1219 595 1337 655 emendi
1358 613 1429 654 ven·

305 703 394 762 dendi
423 702 625 779 privarentur:
648 683 801 777 υσίτιμίοιν
838 691 874 756 δὲ
903 687 1053 770 τοιάνδε,
1083 683 1170 757 οόστε
1196 686 1277 776 μήτε
1307 685 1429 776 όρχειν,

270 831 273 842 ·
304 793 387 882 μήτε
409 797 614 883 πριαμένους
639 819 673 860 τι
701 787 722 880 ἢ
751 797 953 870 πωλοῦντας
980 794 1117 879 κυρίους
1139 789 1248 858 εἶναιίί.
1301 799 1429 861 Athenis

305 926 426 985 quoque
449 926 520 967 num
543 906 674 966 valuerit
696 905 771 964 haee
794 905 858 979 lex,
888 905 1033 963 ineertnm
1057 910 1117 982 est;
1145 923 1201 980 ego
1222 903 1427 965 Goiliemerum

305 1027 424 1086 sequor,
454 1011 507 1086 qni
540 1008 740 1068 Athenienses
778 1026 837 1066 non
876 1006 1000 1066 eandem
1038 1007 1183 1067 rationem
1213 1009 1333 1066 seeutos
1363 1023 1429 1066 esse

305 1115 405 1191 putot,
428 1123 517 1190 quom
539 1110 816 1186 Lacedaemonios;
835 1112 917 1169 eerte
941 1127 978 1196 ne
1004 1127 1081 1170 nnus
1104 1109 1223 1187 quidem
1247 1111 1429 1186 seriptorum

304 1216 389 1276 loeus
411 1218 521 1290 exstet,
544 1232 604 1291 quo
637 1213 697 1274 tale
731 1211 804 1290 qnid
826 1211 954 1271 Athenis
984 1215 1159 1272 eonsuetnm
1189 1211 1282 1272 fuisse
1310 1211 1429 1271 demon-

304 1319 425 1379 stretur.
482 1317 559 1376 Tres
592 1320 691 1377 antem
721 1317 819 1387 looos,
850 1332 964 1392 eosque
994 1316 1043 1374 Ps.
1073 1314 1284 1375 Demosthenis
1294 1312 1331 1389 ²),
1359 1314 1429 1373 Plu-

305 1421 403 1482 terehi
411 1417 450 1498 ³),
471 1420 675 1497 Theophrasti
684 1416 709 1492 ί)
742 1419 801 1479 hue
832 1417 1009 1478 referendos
1044 1437 1111 1480 esse
1144 1423 1217 1496 puto
1249 1418 1287 1478 od
1319 1435 1429 1494 eogno-

305 1523 433 1584 seendos
456 1522 683 1583 Atheniensium
712 1523 749 1582 de
780 1540 816 1582 eo
845 1540 879 1580 re
901 1523 1111 1582 institutiones.
1154 1523 1207 1581 Ps.
1232 1524 1324 1598 Dem.
1348 1521 1428 1580 hune

305 1629 393 1686 offert
414 1614 537 1702 νόμον;
561 1608 635 1702 ,ότι
658 1612 783 1683 Σόλων
806 1608 906 1700 εἰσῄει
927 1614 990 1704 τὴν
1015 1609 1132 1702 ἀρχήν,
1154 1610 1197 1683 τὰ
1219 1613 1343 1684 ἑαυτοῦ
1359 1618 1428 1682 δια-

305 1722 431 1788 θέσθαι
452 1715 547 1800 εἶναι,
578 1711 672 1798 ὅπως
703 1712 744 1785 δν
773 1719 954 1802 ἐθέλῃ
980 1713 1022 1785 ἂν
1050 1717 1094 1805 μὴ
1123 1724 1254 1805 μανιῶν
1275 1713 1296 1807 ἢ
1319 1715 1429 1806 γήρως

304 1818 326 1910 ἢ
349 1816 538 1910 φαρμάκων
559 1817 581 1908 ἢ
604 1819 708 1889 νόσου
730 1819 855 1904 ἕνεκεν,
877 1817 896 1890 i‘
919 1823 1055 1907 γυναικὶ
1076 1815 1292 1908 πειθόμενος,
1315 1815 1336 1908 ἢ
1358 1817 1428 1888 ὑπὸ

306 2029 474 2116 ληφθείςίι.
518 2035 673 2096 simillime
695 2039 766 2094 sunt
780 2036 933 2095 Plutarchi
957 2037 1023 2095 ille:
1045 2018 1114 2113 „Oti
1135 2021 1201 2113 μέν
1224 2018 1348 2114 όνέδην
1370 2079 1427 2093 ...

305 2127 366 2210 τὰς
387 2127 496 2210 δόσεις
518 2129 650 2218 ἐφῆκεν,
673 2121 746 2196 ἀλλ’
768 2131 796 2196 εἰ
817 2128 861 2217 μὴ
883 2127 997 2197 νόσων
1019 2127 1134 2196 ένεκεν
1154 2123 1175 2217 ἢ
1198 2126 1387 2217 φαρμάκων
1406 2121 1428 2215 ἢ

307 2235 438 2319 δεσμῶν
460 2227 481 2321 ἢ
504 2224 631 2318 ἀνάγκη
661 2235 879 2318 κατασχεθεὶς
907 2226 929 2318 ἢ
955 2234 1089 2318 γυναικὶ
1110 2229 1332 2317 πειθόμενος“
1355 2237 1427 2298 κτλ.

307 2343 425 2405 Solonis
454 2345 546 2420 igitur
577 2345 674 2421 legem
703 2347 832 2421 uterque
862 2345 992 2420 scriptor
1020 2343 1151 2421 profert,
1178 2362 1238 2420 qna
1259 2343 1428 2403 institutum

307 2451 381 2524 eret,
404 2449 437 2506 ut
458 2447 491 2518 is,
515 2447 566 2523 qui
589 2465 649 2506 non
673 2447 794 2506 omnino
814 2447 922 2507 mentis
938 2463 1059 2523 compos
1074 2449 1148 2518 erut,
1172 2437 1353 2504 διαθέσθαι
1367 2463 1429 2504 non

306 2553 418 2625 posset.
462 2551 545 2608 Haeo
567 2553 738 2626 praecepte,
761 2567 941 2626 quemquam
965 2549 1004 2608 nd
1025 2551 1236 2610 testamentum
1258 2547 1430 2625 exlegibus

307 2651 547 2728 eomponendum
563 2656 708 2727 spectant,
731 2655 830 2710 tomen
845 2656 915 2729 apte
931 2651 1003 2711 mihi
1018 2651 1168 2729 videntur,
1190 2651 1307 2728 quibus,
1331 2651 1429 2728 qualis

306 2754 398 2815 fuerit
420 2773 492 2815 usus
507 2756 537 2814 in
553 2755 703 2832 emptione
724 2753 906 2832 venditione,
927 2753 1153 2833 intellegamns3
1176 2754 1336 2815 verisimile
1351 2754 1428 2812 enim

307 2875 367 2918 non
390 2861 445 2933 est,
468 2876 535 2918 enm
557 2858 715 2934 hominem,
738 2857 790 2934 qni
812 2848 990 2918 teetamhnto
1013 2875 1068 2918 sua
1090 2859 1169 2918 bona
1191 2859 1222 2916 in
1237 2857 1362 2917 alterius
1376 2875 1428 2934 po·

306 2964 444 3022 testatem
467 2959 631 3021 transferre
647 2979 707 3019 non
722 2961 781 3020 ium
797 2963 906 3038 posset,
921 2961 1032 3020 instem
1047 2965 1077 3021 et
1092 2961 1254 3037 legitimam
1270 2961 1429 3038 emptionis

306 3063 488 3124 venditionis
510 3063 679 3140 partionem
702 3064 778 3124 inire
800 3063 942 3139 potuisse,
964 3081 1054 3139 quam
1074 3063 1244 3139 opinionem
1260 3061 1428 3122 confirmari

306 3170 380 3244 puto
402 3165 612 3242 ¹Theophrasti
641 3164 740 3224 verbis
767 3165 864 3224 hisee:
901 3147 1006 3237 ,ἀλλὰ
1039 3159 1144 3223 τοῦτο
1174 3157 1429 3243 προσοριστέον,

306 3258 367 3328 ἐὰν
393 3253 438 3348 μὴ
467 3257 560 3348 παρὰ
587 3252 794 3346 μεθύοντος,
816 3251 893 3346 μηδ
915 3259 950 3343 ἐξ
972 3250 1088 3347 ὀργῆς,
1116 3261 1199 3348 μηδὲ
1221 3262 1428 3343 φιλονεικίας

306 3363 387 3451 μηδὲ
401 3367 670 3451 παρανοοῦντος,
693 3353 781 3428 ἀλλὰ
796 3365 1019 3448 φρονοῦντος,
1041 3363 1098 3428 καὶ
1119 3359 1160 3429 τό
1181 3355 1266 3430 ὅλον
1282 3364 1428 3442 δικαίως,

308 3458 392 3554 ὅπερ
406 3458 505 3532 κόκεῑ
516 3465 738 3552 προσθετέον,
754 3457 839 3532 όταν
854 3455 996 3552 όφορίζρ
1011 3457 1090 3552 παρ’
1106 3455 1156 3532 ὧν
1172 3465 1223 3532 δεῖ
1241 3458 1428 3532 οόνεῑοθαιίί.

307 3576 407 3654 Siquis
429 3577 521 3654 igitur
543 3578 651 3649 ebrius,
673 3577 723 3636 vel
744 3577 849 3652 iratus,
878 3577 927 3635 vel
951 3577 1072 3637 omnino
1095 3577 1202 3636 mentis
1224 3594 1345 3654 oompos
1367 3595 1427 3636 non

307 3683 361 3752 est,
383 3682 570 3739 contreetum
587 3697 623 3738 ex
637 3678 754 3754 legibns
776 3679 851 3739 inire
874 3697 934 3738 non
957 3681 1065 3755 potest
1102 3679 1203 3737 Firmo
1225 3680 1302 3739 enim
1325 3677 1364 3737 ad
1384 3677 1428 3735 in-

306 3782 428 3860 stituta,
450 3782 578 3842 fortusse
600 3782 841 3858 Atheniensium,
863 3780 1105 3858 Theophrastum
1129 3782 1299 3858 respexisse
1320 3779 1427 3858 prohn-

306 3885 365 3947 hile
387 3888 448 3963 est,
478 3903 562 3962 enm,
591 3903 669 3962 quae
691 3884 729 3944 de
751 3883 869 3945 emendi
891 3883 1044 3944 vendendi
1065 3882 1209 3944 faeoitote
1231 3882 1360 3961 profert,
1388 3881 1428 3940 ad

394 4050 414 4112 ¹)
432 4045 467 4114 V,
480 4051 521 4115 34,
537 4053 561 4103 2.

390 4133 724 4206 hmnffimssm

391 4219 413 4284 θ)
431 4216 525 4288 Solon,
537 4223 578 4276 21.

391 4304 415 4370 ⁴)
431 4317 476 4372 op.
487 4301 565 4360 Stob.
583 4304 601 4358 Ι.
614 4319 638 4358 o.
