3062 4962
1194 403 1234 462 27

111 567 180 627 dom
203 572 321 646 tempus
353 569 559 629 sacerdotibus
590 569 731 628 mundato
758 569 851 628 fuisse
882 567 1050 648 munero¹);
1075 589 1131 647 ego
1155 573 1236 630 oerte

109 671 228 730 neseire
250 659 297 730 me
320 671 471 748 eonfiteor,
501 689 561 748 quo
589 673 648 731 elio
680 671 768 732 modo
799 671 863 732 fiori
890 673 1033 748 potuerit,
1064 673 1144 750 quod
1174 691 1235 733 uno

110 773 175 833 iere
198 777 333 850 tempore
357 778 418 832 tum
441 774 534 834 multa
557 773 726 834 sacerdotio
748 775 778 834 iu
801 775 927 834 aliorum
950 793 1056 834 munus
1070 778 1236 835 transeunt.
1278 816 1282 821 -

109 875 291 935 Addendum
315 881 360 936 est
387 877 529 953 breviter,
555 876 791 938 sacerdotiorum
822 895 996 954 numerum,
1023 895 1101 954 quoe
1130 877 1236 938 eodem

109 983 246 1056 tempore
268 977 474 1054 venditantur,
501 977 662 1040 admodum
685 981 818 1058 veriore,
842 979 874 1058 0,
888 983 930 1042 45
953 979 1095 1058 Veneris,
1121 981 1170 1040 oui
1191 986 1237 1042 eet

109 1097 277 1158 cognomen
303 1069 550 1160 Πυθόχρηστος
579 1097 687 1142 munus
717 1083 813 1144 solum
837 1083 927 1160 venit,
948 1083 982 1159 B,
999 1085 1037 1143 13
1067 1087 1171 1142 eontra
1196 1085 1234 1144 16

109 1181 280 1243 sacerdotia
302 1183 453 1242 venditari
475 1181 613 1243 videmus
636 1183 740 1244 eodem
765 1187 888 1243 odronto
911 1185 1098 1260 magistratu.

197 1287 244 1345 De
266 1285 437 1345 numinibus
461 1303 589 1362 quorum
613 1286 643 1344 in
666 1285 754 1346 titulo
776 1287 885 1346 mentio
904 1285 945 1358 fit,
968 1303 1036 1345 eum
1050 1287 1149 1364 Rayet
1163 1285 1236 1346 satis

110 1391 330 1448 commentatus
353 1388 400 1460 sit,
426 1386 527 1448 denuo
550 1387 644 1448 verbu
666 1388 766 1447 faeere
789 1405 1047 1466 supervacaneum
1070 1391 1123 1449 est.
1166 1389 1237 1448 Non

111 1509 204 1551 unum
228 1507 379 1566 quemquo
402 1489 490 1550 deum
513 1508 598 1549 suum
622 1491 761 1551 habuisse
785 1489 971 1552 sacerdotem
1003 1509 1041 1550 ex
1072 1509 1106 1551 eo
1130 1491 1238 1568 elucet,

38 1609 39 1613 ’
110 1592 195 1670 quod
224 1593 315 1671 pretii
345 1592 435 1653 soluti
466 1593 646 1652 mentionem
682 1611 907 1670 nonnumquam
940 1597 1010 1670 post
1039 1593 1236 1670 complurium

110 1695 236 1756 deorum
267 1695 388 1754 nomine
417 1695 543 1772 positum
574 1714 640 1758 esse
670 1695 813 1756 videmus.
863 1697 947 1756 Haeo
968 1695 1077 1755 eddam
1099 1693 1238 1773 exemplu

111 1801 148 1873 A,
165 1802 218 1860 18:
239 1781 413 1857 Ἀπόλλων
435 1787 633 1869 Καυκασεύς
664 1793 721 1857 καὶ
738 1787 883 1878 Ἄρτεμις
911 1793 1087 1868 Καυκασίς.
1134 1799 1169 1876 A,
1186 1802 1238 1860 19:

106 1886 284 1962 Ἀπόλλων
298 1897 449 1973 Λυκεῖος,
462 1884 634 1960 Ἀπόλλων
650 1890 782 1980 Δήλιος,
799 1891 956 1980 Ποταμὸς
969 1885 1097 1960 Ἁλέων.
1132 1901 1168 1978 A,
1184 1905 1237 1962 25:

111 1993 196 2074 Ζεὺς
221 1991 346 2082 Φήμιος
367 1997 424 2061 καὶ
442 1987 567 2082 Ἀθηνᾶ
591 1998 710 2084 Φημία.
756 2005 790 2078 Β,
806 2007 859 2065 19:
884 1989 966 2075 Ζεὺς
986 1989 1239 2082 Ἀποτροπαῑος,

109 2091 235 2186 Ἀθηνᾶ
250 2090 479 2184 Άποτροπαία
502 2110 557 2166 ete.
602 2109 634 2178 B,
652 2111 706 2168 27:
728 2090 902 2184 Ἀχιλλεύς,
934 2101 1040 2180 θὲτις,
1066 2099 1237 2186 Νηρεῒδαι.

111 2211 180 2270 Hoe
202 2210 296 2269 solum
321 2213 449 2280 constet,
483 2226 534 2268 eos
558 2208 644 2280 deos,
675 2209 786 2286 quibus
815 2209 917 2270 eudem
946 2213 1032 2269 erent
1054 2211 1239 2286 cognomine,

112 2330 206 2372 unum
231 2312 373 2371 habuisse
396 2311 599 2390 secerdotem3
631 2311 709 2371 idem
741 2310 873 2371 voluisse
896 2315 1035 2388 apparet,
1062 2311 1113 2371 ubi
1140 2313 1240 2388 egitur

113 2415 152 2474 de
176 2414 328 2490 heroibus,
342 2413 491 2472 thillem
514 2414 643 2490 nomino,
669 2415 720 2490 qui
743 2429 804 2472 uns
827 2431 893 2472 eum
915 2413 1043 2473 Thetide
1066 2417 1159 2473 mutre
1181 2414 1242 2478 Νι,
1319 2445 1320 2452 1

111 2515 308 2592 retdibusque
331 2516 430 2574 uultus
452 2519 506 2574 est

200 2618 269 2678 Non
292 2635 382 2693 agere
405 2617 524 2680 titulum
549 2617 586 2676 de
610 2618 711 2676 usitati
735 2617 855 2692 generis
886 2617 1035 2694 emptione
1057 2618 1239 2696 venditione,

113 2739 152 2780 ex
175 2737 211 2780 eo
227 2719 421 2797 intellegitur,
443 2719 525 2795 quod
549 2723 582 2778 ut
603 2718 687 2780 brevi
710 2718 815 2794 diuam,
839 2719 982 2778 nonnulla
1000 2721 1165 2780 sucerdotis
1179 2740 1239 2781 non

114 2823 208 2882 semel
232 2821 320 2882 modo
342 2820 396 2881 sed
420 2821 464 2880 bis
486 2820 687 2881 venditentur.
733 2821 890 2896 Quomodo
914 2821 1093 2898 explicanda
1113 2824 1152 2882 sit
1166 2824 1241 2883 bueo

115 2942 165 2984 res
188 2942 276 2996 nove,
298 2941 380 2984 nuno
402 2922 610 3000 quaerendum
634 2927 687 2983 est.

201 3027 299 3104 Reyet
322 3025 460 3103 quidem,
489 3043 672 3102 quemquam
701 3029 841 3085 eoeurute
864 3044 1016 3105 exponere
1039 3026 1155 3086 studuit
1177 3044 1240 3087 rem

114 3127 301 3205 ambiguam,
330 3144 390 3188 non
421 3128 463 3186 ite
492 3128 622 3204 probare
651 3128 749 3204 potuit
780 3145 861 3186 suum
885 3127 1077 3204 sententiam,
1108 3132 1142 3187 ut
1170 3127 1241 3188 mihi

115 3230 239 3310 quidem
262 3231 466 3309 persuaserit,
495 3230 548 3290 sed
571 3248 617 3290 me
642 3247 761 3307 quoque
785 3231 889 3290 melius
912 3230 1064 3306 explicere
1087 3232 1240 3291 materiam

115 3332 319 3394 difficillimum
342 3352 402 3394 non
425 3349 514 3410 posse
538 3332 692 3393 confiteor.

203 3436 335 3498 Termini
375 3434 504 3496 teohniei
544 3433 582 3494 ad
622 3435 803 3512 emptionem
836 3434 1038 3495 venditionem
1071 3440 1242 3512 speetentes

115 3540 147 3602 hi
170 3544 249 3599 sunt.
1062 3620 1064 3624 Ι

205 3647 232 3702 1.
261 3625 408 3720 ἄγοράω,
431 3628 623 3718 ecupriorem,
643 3633 769 3698 πωλέω
791 3637 931 3716 (simplex
954 3639 1083 3717 emptio).

204 3748 232 3804 2.
263 3731 453 3821 ἐπαγοράω,
475 3725 723 3821 ἐπιπιπρὰσκω,
746 3731 935 3801 ἐπιπωλέω.

205 3851 234 3908 3.
264 3840 503 3924 διασυνίστημι,
526 3829 745 3918 διασύστασις,
774 3863 902 3922 quorum
930 3844 1087 3906 verborum
1110 3849 1140 3906 2.
1162 3849 1192 3904 et
1214 3848 1242 3906 3.

115 3949 241 4010 omnino
263 3949 368 4026 ignoto
389 3947 448 4008 hoo
470 3948 556 4008 titulo
579 3948 707 4025 primum
730 3951 901 4007 ooeurrunt.

207 4199 226 4262 ¹)
244 4195 446 4262 Dittonherger
458 4192 526 4264 Syll.
538 4193 575 4255 II,
594 4209 620 4261 p.
635 4197 693 4260 536,
717 4197 801 4246 nota
820 4193 912 4246 omniu
930 4193 1087 4248 saeerdotiu
1110 4194 1146 4248 ud
1169 4195 1244 4250 vitoe

116 4287 230 4350 tempus
248 4280 369 4335 veniisse
388 4284 478 4348 putat,
496 4279 600 4333 omisso
619 4277 678 4334 solo
690 4275 880 4332 Aristomenis
893 4278 1044 4332 Metrodori
1057 4278 1087 4346 0,
1105 4295 1131 4333 v.
1141 4282 1175 4332 40
1182 4294 1244 4349 sqq.

117 4367 196 4437 quod
213 4363 409 4420 hereditarium
427 4379 528 4419 munus
545 4361 634 4421 fuisse
652 4362 801 4419 existimet
