3062 4962
305 365 346 422 34

304 533 426 591 Vicinos
448 531 538 608 igitur
561 548 596 589 eu
619 528 715 588 solum
740 527 916 589 condicione
940 528 1045 587 testari
1067 527 1201 604 potuisse
1224 532 1366 604 apparet,
1393 529 1424 585 ut

304 635 475 712 occeperint
504 651 655 692 nummum
684 633 750 708 lcge
773 631 972 707 postuletum;
1002 615 1197 688 ὑπεύθυνοι
1218 629 1307 705 finnt,
1334 629 1359 688 si
1382 629 1424 688 bis

306 739 492 813 acceperunt
522 736 691 810 symbolum
721 734 751 792 in
780 751 840 792 unu
869 733 1025 810 pactione,
1059 736 1111 792 aut
1137 737 1259 822 eccepto
1289 731 1423 807 symbolo

302 839 408 900 testari
431 843 571 898 recusant
594 837 726 914 qualibet
748 836 784 895 de
807 854 905 895 ceusu,

389 942 441 1001 III.
465 925 525 1019 Ἄρ
536 956 584 1019 ρα
594 927 691 1012 βῶν;
706 938 841 1014 arrha,
857 942 957 997 utrum
973 937 1011 996 ad
1024 937 1235 1013 perficiendum
1247 937 1423 1015 emptionem

304 1044 506 1104 venditionem
530 1060 607 1118 opus
629 1041 739 1118 fuerit,
761 1060 800 1100 un
824 1060 859 1100 es
881 1058 954 1100 usae
977 1039 1037 1100 sint
1057 1045 1160 1116 partes
1183 1042 1269 1116 quusi
1292 1039 1423 1116 symbolo

304 1147 401 1208 iactae
431 1148 488 1206 ism
516 1145 681 1223 pectionis,
717 1145 924 1204 controversis
954 1142 1066 1202 exstitit
1095 1145 1174 1202 inter
1204 1144 1284 1202 viros
1314 1142 1425 1201 doctos.

303 1251 411 1326 Neque
443 1249 536 1309 multu
566 1248 603 1307 de
633 1249 690 1306 hac
712 1265 745 1307 re
768 1245 882 1305 difficili
909 1249 1026 1306 veteres
1050 1245 1171 1322 docent3
1198 1245 1424 1322 Theophrastus

308 1353 427 1429 quidem
459 1353 546 1412 dicit:
576 1345 693 1426 ,‚xu0iu
723 1342 758 1407 δὲ
786 1337 807 1428 ι)
837 1333 907 1426 ῶνὴ
1012 1341 1058 1418 εἰς
1090 1342 1125 1406 δὲ
1154 1333 1217 1424 τὴν
1239 1336 1423 1428 παράδοσιν

306 1447 363 1512 καὶ
387 1447 432 1523 εἰς
455 1437 538 1512 αὐτὸ
561 1439 600 1511 τδ
622 1449 762 1524 πωλεῖν,
786 1437 870 1510 ὅταν
893 1435 1073 1529 ἀρραβῶνα
1090 1439 1183 1526 λάβῃ.
1228 1452 1286 1512 Sed
1302 1471 1340 1510 ex
1355 1451 1424 1528 ipsis

304 1558 474 1635 philosophi
496 1556 595 1615 verbis
619 1555 793 1630 colligamus
816 1553 893 1629 licet,
916 1573 976 1613 nou
1000 1553 1111 1630 ubique
1135 1552 1172 1611 de
1196 1554 1285 1612 urrhu
1307 1553 1423 1613 eusdem

302 1660 430 1718 voluisse
457 1659 557 1733 leges:
587 1641 749 1714 τάττοοοι
779 1649 816 1714 δέ
837 1671 925 1726 τινες
948 1649 1004 1713 καὶ
1026 1641 1089 1712 τὸν
1112 1639 1294 1734 ἀρραβῶνα
1316 1643 1424 1714 αόοον

305 1757 356 1820 δεῖ
376 1750 518 1832 διδόναι,
541 1745 626 1838 πρὸς
648 1747 688 1817 τδ
712 1755 846 1837 πλῆθος
867 1754 925 1837 τῆς
946 1755 1043 1836 τιμῆς
1064 1751 1271 1836 μερίζοντες·
1296 1743 1424 1816 ἀτοπον

304 1850 377 1942 γὰρ,
401 1849 459 1921 ἐὰν
482 1847 667 1920 δακτύλιον
689 1854 738 1939 δῶ
760 1858 832 1920 τῶν
848 1853 927 1919 δέκα
942 1849 1145 1918 ταλάντων).
1191 1862 1289 1921 Verbo
1305 1859 1425 1933 ,,τινες“

303 1967 520 2042 intellegimus,
548 1967 576 2024 in
608 1964 760 2025 nonnullis
791 1964 880 2023 modo
911 1963 1096 2041 civitatibus,
1123 1983 1198 2040 quas
1221 1965 1339 2041 ignotus
1361 1982 1424 2023 esse

305 2069 464 2128 dolendum
489 2072 542 2143 est,
565 2086 620 2143 pro
644 2071 727 2126 certo
750 2068 845 2142 pretio
870 2064 1015 2126 solvendo
1039 2065 1157 2125 arrham
1174 2065 1274 2126 dutum
1290 2085 1356 2126 esse
1370 2085 1425 2142 pro

306 2173 418 2230 maiore
442 2171 630 2246 ampliorem,
653 2187 708 2246 pro
731 2171 845 2228 minore
869 2170 1023 2246 exiguum3
1046 2169 1100 2228 sed
1123 2169 1251 2229 fueritne
1275 2169 1364 2228 arrha
1387 2171 1425 2228 le-

305 2274 392 2350 gibus
415 2274 567 2350 postulatu
588 2273 669 2348 opud
690 2289 792 2331 omnes
808 2270 947 2346 Graecos,
967 2271 1167 2332 demonstrari
1182 2273 1273 2348 plunc
1288 2268 1425 2348 nequit.¹)

304 2375 538 2435 Atheniensibus
560 2393 620 2433 nou
644 2375 777 2450 ignotum
800 2372 893 2432 fuisse
909 2357 1091 2451 ἀρραβῶνα
1107 2392 1144 2434 ex
1160 2375 1340 2434 comicorum
1354 2374 1426 2434 locis

305 2478 513 2554 cognoscimus
544 2494 619 2553 quos
651 2477 783 2536 servavit
812 2475 922 2534 Pollux
942 2475 993 2552 IX,
1015 2479 1064 2536 71.
1114 2477 1253 2552 Veteres,
1282 2495 1359 2554 quae
1389 2475 1425 2534 de

305 2579 394 2640 arrha
417 2575 588 2653 efferenti),
619 2579 655 2637 sd
680 2577 888 2655 explicandam
912 2595 973 2636 rem
996 2578 1038 2636 nil
1059 2578 1178 2654 vuleut3
1204 2579 1314 2639 Suidse
1336 2580 1427 2639 verbs

307 2682 366 2741 huc
390 2681 549 2740 referenda
572 2699 636 2740 esse
659 2685 741 2757 puto,
765 2681 904 2756 quonism
928 2679 999 2738 satis
1022 2679 1145 2738 definire
1165 2681 1306 2740 videntur
1322 2681 1426 2740 urrhue

304 2788 455 2845 naturum:
486 2767 679 2861 ,,ἀρραβῶν·
708 2769 729 2858 ι)
760 2773 797 2840 εἰν
825 2787 896 2850 ταῖς
924 2765 1027 2850 ῶναῖς
1049 2776 1126 2860 περ)
1148 2777 1210 2840 τοῦ
1233 2767 1426 2860 ῶνουμένοιι

307 2879 463 2963 διδομένη
484 2873 602 2963 πρώτη
625 2872 798 2961 καταβολὴ
822 2870 906 2963 ὑπὲρ
930 2867 1162 2958 decantaus)
1213 2886 1313 2944 Arrhu
1335 2886 1426 2962 igitur

305 2991 350 3048 est
377 2988 472 3064 prima
501 3005 573 3062 pars
603 2987 708 3062 pretii,
738 2987 837 3046 statim
860 2987 898 3046 ub
927 2992 1061 3063 emptore
1084 2987 1198 3063 soluts,
1227 2986 1319 3064 idque
1340 2974 1426 3065 ὑπὲρ

306 3075 497 3166 ἀσφαλείας.
551 3089 638 3163 Quod
671 3089 707 3149 de
738 3091 915 3166 gravissima
943 3089 1001 3148 huo
1030 3107 1063 3148 re
1091 3088 1335 3166 inscriptionibus
1356 3092 1428 3149 nihil

305 3195 393 3267 inest,
424 3210 483 3269 quo
516 3192 624 3252 diserte
655 3193 693 3252 de
723 3210 778 3252 usu
810 3193 919 3252 arrhae
950 3211 985 3251 uc
1008 3195 1116 3251 nutura
1140 3191 1308 3265 doceamur,
1338 3193 1427 3252 valde

306 3295 468 3355 dolendum
491 3291 573 3365 este)

394 3399 438 3457 De
454 3396 561 3456 arrhae
578 3414 633 3456 usu
650 3399 788 3456 accurate
805 3396 948 3456 disseruit
963 3396 1114 3456 Hofmunn
1125 3394 1159 3473 ⁵),
1182 3397 1233 3456 scd
1253 3416 1329 3474 quae
1344 3415 1426 3474 prae-

306 3500 395 3577 cepit,
418 3517 477 3559 non
500 3499 589 3576 plane
610 3499 768 3576 probanda
790 3517 865 3576 esse,
879 3500 1015 3560 arbitror.
1060 3501 1150 3558 Recte
1175 3500 1292 3577 quidem
1310 3501 1426 3560 demon·

392 3731 413 3798 1)
431 3729 528 3784 Isuens
546 3746 573 3798 p.
587 3734 627 3796 71,
641 3733 681 3782 20.
717 3727 834 3782 Aristot.
847 3727 905 3784 Pol.
918 3726 940 3795 Ι,
956 3733 994 3782 11.

391 3817 414 3881 ²)
433 3813 468 3869 ci,
481 3815 565 3869 etiam
578 3813 765 3883 Theophrasti
777 3814 874 3868 verbu:
898 3808 1018 3882 ,,σχεδὸν
1036 3807 1093 3883 γὰρ
1112 3808 1146 3867 oi
1164 3812 1289 3868 πολλοὶ
1306 3817 1428 3883 νομοθε-

306 3907 430 3956 τονσιν“.

391 3988 415 4052 ³)
433 3984 540 4040 Similia
557 3985 694 4056 quaedum
711 3984 832 4053 legimus
850 3985 880 4038 iu
898 3985 1018 4055 Etymol.
1037 3984 1128 4054 Magn.
1147 4001 1170 4040 s.
1182 4002 1210 4039 v.
1224 3977 1370 4058 ἀρραβών.

391 4073 415 4137 ⁴)
432 4069 499 4126 Soio
522 4072 549 4126 in
572 4072 654 4126 titulo
679 4069 920 4139 c.1.e.11,2oss
938 4086 980 4126 vs.
997 4075 1041 4126 131
1065 4070 1162 4126 urrhue
1185 4072 1288 4126 mentio
1310 4071 1356 4141 tit;
1378 4071 1426 4128 sed

305 4157 435 4226 quonium
462 4156 498 4210 ud
528 4157 720 4225 explicandum
743 4170 801 4210 rem
831 4157 982 4227 nunciet,
1006 4157 1058 4211 hoc
1081 4157 1143 4212 loco
1166 4157 1343 4226 neglegenda
1367 4170 1425 4212 esse

305 4243 392 4298 verbu
408 4241 547 4297 existimo.

391 4329 414 4394 ⁵)
431 4326 563 4396 Beitritge
582 4344 609 4396 p.
625 4331 672 4382 104
682 4343 743 4398 sqq.
